3192 5025
1187 491 1276 540 DE
1313 489 1551 540 ALTAm
1590 491 1747 541 leo
2493 487 2595 540 20¹

434 641 499 703 1⁰
535 639 814 726 Lepide.
859 638 1256 726 Requiritur
1293 639 1570 704 omnino
1610 646 1688 704 ut
1725 639 1867 704 haee
1906 661 2141 704 mensa
2179 638 2271 704 sit
2309 638 2593 724 lapidea.

338 791 430 802 —
469 752 760 819 Constat
791 773 806 819 ε

433 890 494 931 a.
520 868 1016 932 Consuetudine
1041 868 1538 955 antiquissima.
1559 907 1649 918 —
1670 869 1860 934 Licet
1883 867 2087 950 enim,
2118 867 2336 948 initio,
2363 866 2600 964 altaria

339 981 626 1062 fuerint,
671 987 751 1046 ut
786 980 1044 1046 dietum
1081 989 1219 1062 est,
1263 1005 1348 1047 ex
1383 981 1691 1070 qualibet
1737 983 2019 1047 materia
2068 987 2255 1070 apta,
2300 987 2601 1046 attamen

342 1119 510 1160 usus
542 1093 860 1160 altarium
901 1095 1324 1181 lapideorum
1361 1095 1740 1183 praevaluit.
1779 1096 2084 1160 Primum
2115 1095 2601 1160 documentum

329 1209 704 1298 juridicum
749 1217 1010 1274 certum
1047 1209 1173 1275 hac
1211 1211 1294 1274 de
1345 1212 1479 1289 re¹,
1522 1217 1629 1276 est
1675 1233 1894 1275 canon
1940 1209 2026 1276 26
2076 1208 2345 1275 concilii
2386 1209 2601 1297 Epao-

343 1323 580 1388 nensis
648 1323 794 1412 (an.
865 1323 1031 1412 517)
1079 1341 1095 1390 ε
1167 1351 1198 1384 «
1258 1323 1559 1406 Altaria,
1630 1324 1763 1388 nisi
1840 1324 2134 1409 lapidea,
2212 1323 2601 1388 chrismatis

339 1438 664 1502 unctione
701 1459 839 1502 non
877 1445 1229 1503 sacrentur
1245 1439 1290 1502 ¹.
1343 1465 1375 1500 »
1417 1437 1550 1518 Qui
1586 1460 1805 1503 canon
1852 1437 2147 1503 insertus
2184 1443 2292 1502 est
2328 1437 2399 1502 in
2439 1438 2599 1504 Col-

340 1551 754 1617 lectiuncula
855 1574 1226 1633 canonum,
1316 1575 1498 1640 quae,
1595 1553 1773 1618 inter
1872 1551 2271 1640 capitularia
2372 1551 2601 1617 Caroli

341 1664 601 1752 Magni,
626 1673 911 1731 vocatur
937 1667 1330 1752 Capitulare
1355 1690 1464 1731 an.
1491 1665 1675 1751 806,
1710 1689 1857 1755 cap.
1886 1688 1997 1732 xvi
2027 1686 2042 1733 :
2080 1693 2111 1727 «
2146 1666 2245 1730 De
2272 1664 2599 1730 altaribus

343 1801 482 1843 non
534 1780 1045 1862 consecrandis,
1103 1781 1234 1844 nisi
1290 1781 1570 1866 lapideis
1588 1783 1634 1864 ³,
1683 1810 1715 1843 »
1777 1786 1846 1847 et
1901 1781 2106 1847 etiam
2164 1781 2233 1845 in
2291 1779 2599 1845 Gratiani

338 1893 639 1976 decreto,
685 1917 834 1959 can.
869 1894 1171 1978 Altaria,
1216 1895 1326 1976 31,
1362 1895 1520 1961 dist.
1558 1895 1613 1976 1,
1650 1896 1751 1960 DE
1790 1914 2321 1962 coxsscnntoNE.
2354 1893 2599 1961 Conci-

337 2007 512 2072 lium
543 2007 936 2096 Coyacense
979 2009 1074 2098 (in
1110 2007 1490 2096 Hispania),
1516 2032 1627 2074 an.
1666 2011 1863 2090 1050,
1890 2032 2040 2074 can.
2076 2010 2143 2091 3,
2177 2009 2342 2074 item
2358 2008 2592 2098 jubet:

341 2149 378 2181 «
422 2121 682 2187 Altaris
719 2144 883 2187 vero
922 2146 1036 2188 ara
1087 2132 1224 2188 tota
1269 2124 1360 2187 sit
1401 2123 1698 2209 lapidea,
1742 2131 1810 2189 et
1856 2123 1941 2190 ab
1989 2123 2327 2212 episcopis
2366 2145 2599 2188 conse-

335 2243 524 2301 crata
543 2237 589 2302 ⁴.
629 2265 662 2297 υ
695 2236 891 2302 Unde
920 2261 1088 2302 usus
1117 2237 1352 2302 altaris
1384 2238 1633 2324 lapidei
1661 2239 1876 2303 evasit
1905 2238 2351 2305 universalis:
2388 2238 2593 2326 quod,

336 2373 465 2414 suo
522 2357 860 2438 tempore,
920 2373 1164 2440 nempe
1222 2353 1469 2417 soeeulo
1527 2373 1675 2434 xm,
1740 2360 2079 2418 testantur
2133 2353 2205 2420 S.
2249 2352 2592 2420 Thomas:

337 2491 372 2523 α
419 2463 658 2531 Altare
706 2464 784 2529 fit
827 2467 1051 2531 solum
1099 2467 1180 2531 de
1230 2467 1511 2553 lapide5,
1564 2495 1596 2529 n
1648 2474 1717 2533 et
1753 2466 2137 2533 Gulielmus
2178 2466 2592 2533 Durandus:

343 2606 376 2637 «
420 2578 574 2643 Non
614 2602 777 2667 ergo
813 2586 1167 2667 unguntur
1204 2582 1442 2647 altaria
1482 2584 1613 2647 nisi
1663 2583 1923 2668 lapidea
1943 2583 1987 2647 ⁶.
2040 2610 2071 2643 »
2113 2620 2201 2631 —
2240 2582 2330 2646 Hi
2370 2589 2599 2646 autem

337 2700 650 2758 auctores
710 2693 970 2759 addunt
1029 2696 1324 2761 rationes
1380 2697 1741 2783 mysticaS,
1799 2698 2132 2785 praecipue
2194 2696 2317 2761 has
2374 2696 2593 2760 duas:

342 2810 405 2872 1.
449 2806 608 2894 quia
646 2806 960 2873 Christus
1007 2808 1318 2896 sepultus
1364 2816 1468 2875 est
1515 2810 1584 2876 in
1634 2810 1944 2900 sepulcro
1982 2810 2284 2899 lapideo;
2330 2810 2395 2875 2.
2439 2809 2599 2897 quia

339 2921 552 2985 altare
581 2928 1027 3008 repraesentat
1054 2923 1404 2988 Christum
1423 2977 1437 3005 ,
1471 2924 1587 3012 qui
1620 2933 1899 2990 vocatur
1936 2925 2005 2990 in
2037 2924 2379 3013 Scriptura
2410 2945 2599 2988 sacra

331 3044 532 3120 petra
574 3036 806 3127 (πέτρα,
849 3035 877 3099 I
918 3036 1103 3117 Cor„
1143 3058 1223 3118 x,
1267 3038 1361 3125 4),
1402 3039 1572 3124 lapis
1609 3040 1963 3125 anqularis
2004 3043 2176 3129 (λίθος
2203 3046 2595 3128 ἀκρογωνιαῖος,

343 3148 372 3213 I
432 3148 647 3233 Petr.,
707 3172 786 3231 11,
849 3150 926 3231 63
985 3152 1191 3238 Eph.,
1248 3172 1326 3234 11,
1388 3152 1534 3241 20).
1595 3154 1737 3217 Has
1793 3154 2091 3219 rationes
2138 3154 2334 3218 affert
2395 3153 2597 3217 etiam

341 3262 616 3329 Simeon
655 3264 1276 3330 Thessalonicensis
1317 3266 1507 3356 (saec.
1552 3267 1747 3356 xv)⁷.

430 3378 500 3443 h.
539 3378 858 3443 Ru‘hricis
893 3380 1328 3465 qeneralihus
1365 3380 1696 3466 Mis-salis,
1728 3406 1799 3471 p.
1836 3382 1898 3463 1,
1933 3383 2040 3448 tit.
2073 3403 2165 3446 xx
2202 3401 2216 3448 :
2266 3408 2297 3441 «
2332 3382 2593 3461 Altare,

343 3490 413 3554 in
459 3514 594 3579 quo
644 3499 1151 3559 sacrosanctum
1203 3494 1428 3559 missae
1481 3496 1886 3561 sacrificium
1938 3495 2419 3562 celebrandum
2457 3501 2593 3576 est,

412 3749 430 3783 ¹
463 3750 599 3801 Nam
628 3753 908 3803 decretum
932 3754 1078 3818 quod
1109 3756 1372 3805 tribuitur
1400 3756 1452 3804 S.
1482 3756 1745 3806 Silvestro
1777 3760 1860 3806 est
1888 3757 2284 3820 apocryphum.

413 3828 436 3862 ²
463 3829 664 3891 Brutis,
697 3831 966 3892 eoncilia,
995 3835 1035 3883 t.
1068 3848 1131 3893 n,
1163 3850 1217 3897 p.
1250 3840 1357 3883 170.

415 3907 437 3941 ³
467 3908 682 3970 Baluze,
715 3910 1082 3975 Capitularia,
1115 3916 1154 3961 t.
1187 3930 1230 3971 1,
1261 3915 1366 3962 col.
1397 3918 1505 3963 457.

415 3986 436 4017 ⁴
465 3986 664 4049 Mansi,
699 3988 967 4050 concilia,
1001 3994 1040 4039 t.
1070 4006 1184 4051 xxx,
1216 3993 1320 4041 col.
1353 3996 1468 4053 787;
1502 3993 1571 4044 cs.
1600 3994 1703 4042 col.
1733 3998 1840 4044 791.

417 4065 438 4098 ⁸
469 4063 524 4113 P.
552 4066 680 4127 111⁸,
711 4083 764 4131 q.
797 4084 1015 4132 uxxm,
1047 4074 1149 4120 art.
1180 4076 1234 4130 3,
1268 4072 1335 4120 ad
1365 4076 1411 4120 5.

416 4142 437 4177 ⁶
466 4143 772 4205 Ralt‘onale,
805 4150 931 4211 ete„
961 4148 1058 4197 lib.
1087 4148 1137 4210 1,
1167 4164 1215 4199 c.
1248 4166 1346 4209 vn,
1376 4166 1426 4219 ¹.¹·
1456 4155 1541 4211 28,
1576 4151 1846 4215 Lugduni,
1880 4156 2027 4211 1612,
2059 4151 2095 4199 s.
2128 4155 2205 4200 35.

414 4221 434 4254 ⁷
467 4222 541 4272 De
577 4221 762 4275 divino
801 4227 1028 4291 templo,
1069 4243 1122 4277 n.
1163 4232 1250 4289 103
1292 4229 1499 4291 Migne,
1539 4229 1600 4277 P.
1645 4230 1725 4288 G„
1770 4232 1809 4279 t.
1850 4245 1974 4289 cm,
2014 4229 2118 4278 col.
2160 4234 2279 4290 705;
2324 4230 2396 4279 cs.
2433 4230 2597 4278 etiam

347 4298 432 4349 De
457 4314 608 4352 nero
638 4304 865 4367 templo,
898 4320 946 4354 c.
977 4320 1110 4368 cvn3
1144 4306 1304 4365 Ibid„
1337 4308 1439 4357 col.
1468 4313 1576 4356 313.
