3192 5025
595 463 699 515 2⁴8
1166 466 1252 514 DE
1289 464 1722 517 COEMETERIIS
1760 466 1843 516 ΕΤ
1880 466 2287 518 SEPULTURIS

683 609 752 674 l).
771 607 1003 673 Coeme
1013 610 1252 673 terium
1269 608 1482 696 pollui
1505 610 1857 695 sepultura
1874 612 2613 675 excommunicatorum
2638 612 2842 675 vitan-

594 722 843 787 dorum
874 729 1144 788 constat
1181 746 1330 811 cap.
1367 723 1808 807 Consuluisti,
1832 726 1908 805 -7,
1945 724 2048 789 DE
2086 745 2597 790 consenui-loss
2630 744 2842 789 scem-

597 858 738 918 suz,
784 835 852 901 in
893 860 1027 924 quo
1075 835 1321 901 dicitur
1357 855 1372 901 :
1418 864 1450 897 «
1498 836 1941 919 Coemeteria‚
1984 838 2055 902 in
2095 837 2345 927 quibus
2392 838 2842 903 excommuni-

596 958 904 1015 catorum
965 972 1248 1036 corpora
1315 951 1586 1038 sepeliri
1657 952 2027 1039 contingit,
2095 953 2587 1018 reconcilianda
2648 961 2845 1017 erunt

597 1064 985 1152 aspersione
1035 1087 1228 1152 aquw
1277 1064 1676 1130 solemniter
1730 1064 2126 1131 benedicta).
2178 1095 2211 1127 n
2250 1104 2341 1117 —
2372 1065 2571 1145 Quod
2614 1073 2849 1132 exten-

599 1178 897 1243 dendum
943 1185 1051 1242 est
1095 1178 1181 1243 ad
1229 1178 1651 1266 sepulturam
1698 1179 1990 1244 infidelis
2028 1187 2147 1245 aut
2191 1180 2474 1268 pagani,
2518 1204 2604 1245 ex
2651 1180 2851 1245 dictis

597 1314 800 1381 supra
843 1291 948 1379 (u.
995 1294 1138 1381 34)
1180 1292 1262 1357 de
1303 1291 1681 1380 pollutione
1732 1293 2193 1360 ecclesiarum.

685 1429 741 1471 c.
787 1406 1266 1472 Coemeterium
1295 1406 1511 1494 pollui
1549 1406 1911 1472 homicidio
1949 1408 2203 1497 pariter
2238 1417 2501 1475 certum
2539 1416 2677 1490 est,
2713 1431 2850 1472 non

596 1520 872 1608 quidem
918 1520 986 1585 vi
1033 1528 1262 1585 textus
1300 1521 1476 1610 juris
1526 1522 1761 1610 scripti
1802 1522 1986 1610 (cap.
2040 1523 2222 1587 enim
2269 1524 2725 1609 Proposuisti,
2770 1524 2847 1606 4,

597 1634 700 1697 DE
737 1655 1244 1702 consenui-lons
1280 1656 1486 1717 Ecca,
1531 1658 1769 1724 supra,
1813 1658 1883 1700 n.
1944 1637 2077 1722 31,
2129 1636 2533 1725 allegatum,
2578 1660 2713 1702 non
2753 1637 2852 1701 lo-

597 1748 828 1835 quitur
866 1749 1116 1814 directe
1157 1750 1286 1814 nisi
1335 1750 1418 1815 de
1457 1750 1816 1839 ecclesiis),
1860 1750 1982 1814 sed
2017 1750 2087 1814 vi
2117 1759 2462 1836 perpetuae
2500 1760 2851 1816 consuetu-

596 1862 796 1945 dinis,
831 1885 982 1950 quae
1013 1862 1136 1927 hac
1164 1863 1236 1927 in
1265 1886 1336 1928 re
1367 1862 1673 1928 ecclesiis
1702 1885 1971 1951 semper
1997 1864 2406 1929 assimilavit
2436 1864 2847 1947 coemeteria,

595 1998 675 2039 eo
729 1975 946 2060 magis
993 1976 1178 2065 quod
1229 1977 1318 2059 si,
1381 1984 1458 2041 ut
1515 1977 1773 2041 dictum
1829 1983 1968 2058 est,
2020 1978 2411 2043 coemeteria
2454 1978 2855 2065 polluantur

595 2089 920 2171 effusione
965 2091 1350 2175 sanquinis,
1407 2090 1611 2178 plane
1663 2089 2027 2155 ridiculum
2078 2099 2260 2157 esset
2311 2115 2387 2161 ea
2443 2114 2581 2156 non
2636 2090 2856 2179 pollui

599 2202 982 2268 homicidia
1035 2203 1229 2269 Unde
1277 2205 1545 2270 nullum
1597 2205 1851 2270 videris
1903 2212 2248 2271 auctorem
2310 2205 2507 2271 aliter
2558 2206 2857 2271 sentien-

595 2320 800 2381 tem¹.

684 2430 756 2494 20
796 2430 848 2495 Ii
887 2440 1116 2497 autem
1154 2441 1444 2522 quatuor
1472 2432 1689 2516 modi,
1725 2431 1973 2523 quibus
2002 2432 2332 2521 polluitur
2360 2434 2853 2516 coemeterium,

596 2547 977 2634 exponendi
1027 2556 1189 2612 sunt
1235 2548 1475 2612 eodem
1524 2548 1759 2630 mod0,
1812 2548 1882 2613 id
1920 2554 2057 2630 est,
2100 2569 2255 2612 cum
2303 2547 2623 2613 omnibus
2670 2549 2858 2612 clau-

593 2659 762 2722 sulis
815 2666 882 2723 et
933 2662 1502 2746 restrictionibus,
1560 2684 1716 2726 cum
1756 2659 2006 2749 quibus
2044 2660 2334 2748 expositi
2374 2668 2559 2743 sunt,
2610 2661 2730 2726 ubi
2768 2661 2857 2726 de

595 2771 898 2837 ecclesiis
928 2781 1156 2840 actum
1187 2783 1313 2841 est.
1348 2813 1432 2825 —
1456 2777 1648 2840 Hanc
1678 2775 1861 2840 enim
1889 2774 2256 2863 perfectam
2286 2775 2857 2841 assimilationem

595 2883 772 2948 inter
809 2886 1129 2952 ecclesias
1167 2897 1235 2954 et
1275 2889 1659 2955 coemeteria
1698 2889 1822 2954 hac
1860 2889 1943 2953 de
1982 2911 2054 2952 re
2092 2887 2361 2953 induxit
2398 2890 2851 2970 consuetude,

596 3007 1053 3089 constansque
1078 3002 1545 3092 interpretatio
1567 3002 1689 3069 SS.
1714 3004 2172 3070 Romanarum
2199 3001 2849 3090 Congregationum‚

595 3118 666 3175 et
703 3114 1007 3178 omnium
1046 3116 1401 3182 doctorum
1421 3119 1468 3199 ²,
1517 3118 1612 3182 ita
1650 3122 1760 3199 ut,
1810 3117 1867 3181 si
1906 3116 2071 3205 quid
2116 3116 2293 3182 desit
2332 3139 2417 3181 ex
2440 3125 2645 3204 'parte
2676 3117 2855 3204 juris

597 3225 864 3313 scripti,
901 3229 1166 3295 abunde
1206 3231 1605 3319 suppleatur
1632 3231 1787 3318 jure
1827 3230 2443 3296 consuetudinaria

687 3339 760 3406 30
799 3341 1086 3432 Insuper
1123 3345 1395 3430 speciali
1435 3346 1633 3408 modo
1670 3343 2001 3432 polluitur
2038 3345 2532 3424 coemeterium;
2578 3367 2851 3432 nempe,

594 3455 654 3518 si
709 3458 976 3522 ecclesia
1030 3459 1302 3545 polluta
1351 3459 1472 3542 sit,
1531 3467 1593 3523 et
1646 3458 2099 3523 coemeterium
2150 3459 2241 3522 sit
2294 3459 2355 3522 ei
2414 3460 2851 3544 contimtum,

597 3573 1054 3637 coemeterium
1113 3574 1336 3660 ipsum
1391 3573 1761 3660 polluitur.
1806 3610 1895 3620 —-
1947 3572 2233 3638 Constat
2294 3572 2670 3637 clarissime
2730 3573 2851 3639 cit.

597 3706 748 3771 cap.
801 3687 876 3750 Si
915 3689 1289 3770 ecclesiam,
1347 3691 1419 3768 1,
1472 3687 1574 3752 DE
1622 3707 2131 3754 CONSECRATIONE
2187 3707 2389 3769 ECCL„
2444 3687 2513 3751 in
2562 3685 2691 3769 Vl,
2734 3685 2859 3752 ubi

599 3797 806 3863 etiam
845 3801 1014 3865 ratio
1053 3825 1191 3867 non
1231 3801 1515 3866 obscure
1563 3799 1877 3884 traditur,
1922 3823 2166 3889 nempe
2204 3801 2363 3889 quia
2408 3801 2860 3866 accessorium

664 4041 682 4075 ¹
717 4043 797 4093 Cf.
832 4044 1010 4106 Reiff„
1041 4047 1093 4095 in
1126 4048 1210 4096 tit.
1241 4047 1320 4096 De
1356 4044 1765 4096 consecratione
1798 4044 1947 4105 eccl„
1979 4061 2034 4096 n.
2070 4051 2156 4107 293
2188 4073 2249 4081 —
2286 4045 2537 4109 Pii-hing,
2572 4047 2629 4094 in
2668 4048 2865 4098 eumd.

602 4120 709 4179 tit„
749 4137 801 4170 n.
842 4129 928 4184 31;
977 4151 1032 4160 -
1077 4124 1394 4188 Ξοὴιηαὶις.,
1435 4126 1488 4172 in
1529 4125 1711 4173 eumd.
1756 4124 1864 4182 tit„
1910 4139 1962 4172 n.
2004 4129 2090 4185 69;
2138 4151 2193 4160 -
2240 4124 2547 4183 ReclusiuS,
2594 4123 2697 4173 loc.
2740 4125 2865 4186 cit„

603 4211 658 4248 n.
689 4203 776 4261 ss,
807 4215 861 4262 p.
890 4206 999 4251 11⁴.

667 4279 690 4314 ²
719 4277 798 4329 Cf.
831 4282 1014 4330 statim
1045 4282 1322 4346 allegatos.
1415 4257 1418 4260 ⁴
