3192 5025
584 485 687 538 394

1098 606 1149 670 Q

582 734 822 796 Quarta
852 732 1161 783 funerans
1181 747 1195 782 z
1219 733 1333 795 ejus
1355 735 1522 790 notio,
1546 739 1659 780 320-

646 811 725 852 321
750 819 761 859 ;
820 832 881 842 -
944 807 1074 853 varii
1132 819 1289 852 casus
1350 805 1403 851 in
1460 804 1658 866 quibus

643 880 835 939 quarta
860 877 1093 924 debetur
1120 877 1375 938 parocho,
1402 881 1656 931 322-3253

644 975 697 983 —
719 948 960 995 ecclesia-
991 963 1111 1010 quae
1136 951 1393 996 tenentur
1410 949 1656 1009 quartam

642 1020 869 1075 solvere,
894 1024 1131 1075 325-3263
1154 1046 1213 1056 —·
1235 1019 1301 1066 de
1331 1019 1656 1080 quibusnam

642 1090 1023 1138 emolumentis
1054 1090 1313 1138 solvenda
1346 1091 1415 1139 sit
1445 1095 1654 1152 quarta,

642 1167 858 1208 326-328
878 1173 889 1215 ς
910 1189 965 1197 -
998 1163 1063 1209 de
1093 1163 1399 1224 quantit-ate
1419 1165 1626 1223 quarta*
1643 1199 1653 1213 .

641 1237 882 1281 328-329.

1086 1331 1145 1386 R

582 1445 1045 1495 Reconelllauo
1105 1445 1457 1494 coemeterii
1523 1444 1655 1506 pol-

642 1517 756 1566 luu
783 1531 797 1566 ε
830 1515 1283 1563 reconciliationis
1312 1516 1466 1571 ritus,
1498 1515 1656 1562 mini-

640 1591 768 1643 ster,
801 1589 1050 1635 219-251.

580 1660 1045 1710 Reconciliatlo
1062 1659 1351 1709 ecelesloe
1367 1659 1654 1722 polluite:

640 1730 1097 1778 reconciliationis
1128 1731 1439 1788 necessitas,
1470 1734 1652 1782 83-8-52

645 1831 693 1836 —
730 1803 991 1860 minister,
1032 1805 1231 1861 8⁴·863
1276 1829 1330 1838 -
1368 1801 1532 1860 ritus,
1575 1806 1650 1847 86.

580 1873 965 1935 Reflnlaresz
1004 1887 1189 1920 eorum
1230 1873 1491 1930 oratoria,
1537 1877 1650 1920 188-

646 1949 725 1991 191
743 1959 753 1999 ;
770 1945 929 2006 —jus
946 1944 1149 1992 habent
1164 1945 1456 2006 sepultura}
1474 1944 1527 1991 in
1544 1945 1654 1990 suis

640 2016 979 2074 cuz-meteriis,
1009 2021 1260 2074 258-261;
1295 2043 1353 2051 —·
1382 2016 1655 2078 regulares

639 2086 816 2149 quoad
846 2087 1167 2135 electionem
1199 2087 1509 2149 sepulturae,
1535 2092 1650 2146 269;

640 2163 729 2206 289
756 2171 862 2219 sq.;
898 2183 955 2193 —·
985 2159 1163 2219 quoad
1192 2158 1369 2206 locum
1410 2159 1655 2222 sepultu-

638 2246 736 2287 rae,
770 2234 1017 2286 291-292;
1054 2257 1109 2263 —
1141 2229 1208 2276 de
1235 2244 1421 2278 eorum
1448 2229 1654 2292 profes-

638 2301 709 2347 sis
740 2299 1114 2358 triennalibus,
1144 2302 1381 2360 novitiis,
1416 2301 1649 2360 famulis,

638 2372 956 2430 educandis,
990 2372 1322 2434 hospitibus,
1359 2373 1535 2435 quoad
1577 2374 1653 2421 lo-

636 2459 759 2491 cum
788 2444 1108 2506 sepulturae‚
1142 2449 1386 2491 292-295.

578 2516 930 2578 Reuulares
959 2516 1137 2579 quoad
1168 2516 1355 2564 funera
1386 2518 1529 2580 apud
1558 2533 1652 2565 eos

636 2588 957 2636 celebranda
980 2600 991 2633 :
1016 2602 1202 2635 eorum
1218 2588 1341 2650 jura
1362 2589 1414 2636 in
1436 2604 1647 2649 genere,

636 2664 885 2718 301-309;
918 2685 980 2695 -
1008 2659 1077 2707 ad
1108 2674 1201 2707 eos
1230 2674 1337 2707 non
1378 2660 1652 2721 pertinent

633 2730 835 2779 levatio
855 2732 1114 2793 corporis,
1140 2746 1238 2778 nec
1259 2731 1374 2792 ejus
1394 2731 1650 2779 deductio

633 2803 700 2851 ad
738 2816 922 2849 eorum
962 2803 1267 2861 ecclesiam,
1300 2807 1558 2861 309-312;
1590 2828 1650 2838 —

634 2874 701 2921 ad
730 2888 821 2919 eos
851 2875 1127 2935 pertinent
1156 2872 1395 2921 officium
1424 2874 1650 2921 funebre

634 2943 1042 3002 celebrandum,
1096 2959 1477 3007 campanarum
1529 2946 1648 3006 pul-

632 3015 786 3071 satio,
811 3015 1068 3063 deductio
1093 3016 1336 3077 corporis
1362 3016 1429 3063 ad
1454 3030 1648 3063 coeme-

634 3085 845 3143 terium,
880 3090 1140 3144 312-3163
1171 3114 1234 3122 —
1262 3086 1463 3134 debent
1492 3100 1650 3148 paro-

631 3156 733 3204 cho
758 3159 1006 3219 quartam
1038 3158 1359 3215 sunm-alem,
1393 3162 1644 3209 320-329:

630 3228 752 3275 vide
784 3229 987 3285 Quarta
1014 3227 1304 3289 funeralis.

570 3298 874 3362 Bennios!
901 3304 1199 3350 votorum
1224 3300 1644 3363 simplicium:

628 3372 806 3433 quoad
860 3372 951 3433 jus
1012 3372 1335 3433 sepulturm,
1401 3378 1521 3423 262:
1584 3400 1646 3407 —-

628 3442 805 3504 quoad
836 3441 1013 3490 locum
1044 3443 1362 3504 sepulturae,
1395 3448 1502 3490 296.

569 3513 913 3576 Reliqulae:
944 3514 997 3561 in
1028 3513 1365 3561 dedicatione
1395 3515 1644 3563 ecclesia-

628 3599 770 3643 rum,
814 3590 1005 3645 25-26;
1050 3612 1103 3620 —
1145 3585 1197 3632 in
1238 3587 1644 3635 consecratione

628 3655 835 3714 altariS‚
870 3660 985 3715 195;
1022 3660 1133 3716 197;
1169 3661 1410 3705 207-209.

569 3728 897 3777 Romanus
934 3728 1252 3791 pontifex:
1289 3728 1403 3791 ejus
1434 3730 1644 3777 indulta

626 3798 803 3860 quoad
833 3799 1257 3847 celebrationem
1280 3800 1565 3847 missarum
1586 3802 1640 3847 in

624 3871 875 3917 oratoriis
915 3870 1253 3929 domesticiS,
1294 3876 1543 3931 ‘153-1563
1582 3899 1640 3907 —-

628 3943 787 3989 variae
822 3942 1014 3991 horum
1055 3942 1386 3990 indultorum
1427 3944 1640 3990 clausu-

625 4015 713 4071 ιω,
750 4018 997 4060 156-167.

562 4235 945 4297 Sepulcrum
986 4252 1000 4285 ε
1050 4240 1328 4286 concessio
1384 4240 1485 4287 loci
1542 4256 1638 4303 pro

622 4307 896 4367 sepulcro,
917 4314 1163 4357 253-256:
1195 4311 1353 4371 —jus
1376 4314 1636 4373 sepulcri,

1426 485 1513 535 DE
1552 485 1734 535 Locis
1773 485 2002 536 SACRIS

1825 608 1940 661 256;
1977 632 2036 640 —
2077 605 2382 652 benedictio
2418 604 2677 667 sepulcri,
2717 609 2836 651 253·

1821 679 2061 724 24-1-215.

1759 747 2102 809 Sepultura
2119 762 2134 797 ε
2153 749 2328 810 quoad
2348 746 2530 795 locum
2551 748 2604 795 in
2623 761 2824 809 genere

1823 823 2080 877 232-2353
2125 823 2372 877 238-241;
2419 846 2478 853 —
2519 833 2628 866 non
2678 833 2839 880 sepe-

1821 890 1997 938 lienda
2027 905 2252 952 corpora
2283 905 2455 952 prope
2491 890 2680 946 altare,
2717 895 2842 937 239-

1821 967 1938 1020 2-51;
1979 990 2037 998 —
2079 963 2356 1024 sepultura
2399 961 2579 1024 quoad
2615 961 2842 1008 modurn

1822 1033 2094 1095 (humatio
2125 1034 2208 1080 vel
2240 1033 2560 1094 crematio),
2591 1037 2839 1079 229-232.

1759 1105 2106 1168 Sepultura
2149 1119 2164 1154 τ
2235 1105 2411 1166 quoad
2479 1102 2843 1166 pollutionem

1821 1176 2088 1232 ecclesian,
2127 1180 2315 1234 73-763
2345 1201 2408 1210 —
2435 1173 2616 1238 quoad
2655 1173 2842 1236 pollu-

1823 1250 2024 1296 tionem
2063 1248 2388 1306 coemeterii,
2421 1251 2686 1304 247-2493
2715 1245 2845 1294 vide

1820 1318 2060 1367 Pollutio
2089 1317 2354 1376 ecclesiae,
2383 1315 2623 1366 pollutio
2655 1330 2846 1364 coeme-

1820 1390 1962 1439 terii.
2709 1389 2718 1397 ‘

1757 1462 2100 1525 Sepultura
2147 1462 2397 1512 electa:
2449 1461 2572 1508 vide
2629 1457 2844 1508 Electio

1817 1533 2130 1596 sepulturae.

1757 1604 2102 1669 Sepultura
2157 1603 2581 1670 parochialis,
2630 1617 2729 1650 seu
2785 1603 2843 1648 in

1819 1677 2130 1726 coemeterio
2170 1676 2466 1741 parochiali
2498 1689 2509 1722 :
2547 1675 2640 1737 qui
2677 1687 2842 1736 sepe-

1818 1750 1900 1797 liri
1945 1748 2178 1797 debeant
2215 1749 2270 1795 in
2319 1746 2632 1795 coemeterio
2677 1759 2844 1806 paro-

1819 1820 2005 1878 chiali,
2061 1825 2316 1878 276-2773
2377 1845 2436 1855 —
2486 1814 2842 1870 domiciliati,

1820 1888 2767 1953 278-279;—quasi-domiciliati‚279;
2785 1915 2840 1921 —

1817 1964 2111 2026 peregrini,
2154 1967 2405 2020 279-2813
2435 1989 2496 1997 —
2525 1961 2674 2020 vagi,
2711 1963 2841 2014 2813

1817 2062 1876 2069 -—
1897 2034 2092 2082 infirmi
2124 2035 2176 2081 in
2205 2031 2584 2095 hospitalibus,
2604 2033 2838 2078 281-282.

1759 2105 2100 2168 Sepultura
2125 2119 2220 2154 seu
2243 2103 2610 2167 sepulerum
2639 2101 2842 2164 majo-

1817 2191 1960 2227 rum
1991 2193 2005 2226 ι
2043 2177 2192 2225 notio
2223 2180 2278 2225 et
2307 2176 2539 2238 species,
2573 2175 2836 2228 271-272;

1817 2276 1876 2284 —
1897 2249 1986 2311 qui
2013 2249 2228 2312 sepeliri
2249 2247 2484 2296 debeant
2507 2247 2560 2292 in
2585 2243 2840 2307 sepulcro

1817 2323 2105 2384 majorum,
2137 2325 2228 2367 272
2259 2333 2367 2381 sq.;
2392 2344 2452 2354 —
2471 2318 2538 2365 de
2567 2317 2753 2380 pueris
2781 2319 2834 2362 et

1817 2392 2142 2448 infantibus,
2195 2394 2444 2445 273-2743
2496 2416 2556 2424 —
2608 2388 2676 2434 de
2725 2385 2835 2433 mio

1816 2463 2125 2525 illegitime,
2171 2462 2457 2525 adoptivo,
2505 2463 2620 2513 274:
2661 2485 2726 2493 —
2767 2456 2835 2504 de

1815 2550 1979 2583 uxore
2015 2538 2068 2583 et
2099 2536 2240 2590 viro,
2273 2538 2518 2581 275-276.

1753 2607 2114 2671 Sepulturae
2143 2605 2602 2657 ecelesiastica}
2639 2614 2831 2664 nena-

1815 2681 1936 2731 tio:
1969 2678 2167 2741 quibus
2194 2678 2436 2741 neganda
2461 2678 2534 2724 sit
2553 2674 2830 2737 sepultura

1815 2752 2022 2799 ratione
2062 2750 2410 2812 baptismatis
2447 2762 2555 2795 non
2595 2746 2826 2807 recepti.

1814 2826 2052 2879 351-3533
2087 2848 2140 2856 —-
2173 2822 2380 2869 ratione
2409 2832 2681 2875 censurae,
2709 2820 2828 2862 353-

1813 2898 1928 2953 355;
1961 2920 2022 2928 —
2051 2893 2260 2941 ratione
2294 2889 2540 2945 haeresis,
2573 2891 2826 2943 355-358;

1811 2992 1865 3001 --
1911 2965 2118 3011 ratione
2167 2962 2375 3025 peccati
2424 2960 2656 3023 publici,
2705 2962 2824 3005 358-

1811 3041 1928 3095 3613
1951 3063 2012 3070 —
2037 3049 2142 3082 non
2175 3034 2418 3096 neganda
2446 3036 2530 3080 est
2558 3030 2826 3078 damnatis

1811 3108 1878 3155 ad
1917 3108 2174 3164 mortem,
2207 3110 2322 3164 362;
2361 3132 2414 3139 -
2445 3103 2512 3152 de
2550 3102 2713 3150 modo
2751 3100 2826 3147 in-

1810 3178 2086 3239 telligendi
2125 3178 2468 3239 negationem
2505 3173 2822 3236 sepulturae.

1810 3253 2070 3307 363-3643
2115 3274 2176 3285 —
2223 3262 2384 3310 poena
2430 3249 2622 3294 contra
2669 3258 2822 3305 sepe-

1809 3322 2002 3369 lientes
2031 3320 2336 3381 illegitime,
2370 3321 2617 3366 364-366.

1747 3393 2106 3455 Sepulturae
2133 3390 2236 3454 jus
2257 3406 2271 3440 :
2296 3390 2386 3453 jus
2412 3388 2706 3451 sepulturae
2735 3386 2822 3435 ha—

1809 3464 1939 3511 bent
1995 3462 2236 3511 eeclesiae
2283 3458 2648 3524 parochialeS,
2705 3462 2820 3507 257-

1811 3539 1926 3590 258;
1971 3562 2032 3571 --
2075 3532 2402 3581 monasteria
2451 3530 2819 3592 Regularium,

1809 3611 2041 3665 258-261;
2066 3632 2120 3641 —
2145 3603 2472 3652 monasteria
2491 3601 2818 3658 monialium,

1806 3692 1930 3727 cum
1959 3676 2328 3734 restrictione,
2362 3678 2606 3722 261-262.

1745 3747 2104 3812 Sepulturae
2142 3747 2324 3796 loeus
2361 3744 2541 3808 quoad
2583 3743 2818 3805 sing-ulos

1806 3820 2090 3867 defunctos
2114 3831 2125 3865 :
2149 3817 2346 3865 electio
2371 3816 2684 3878 sepulturae,
2713 3820 2819 3861 266-

1807 3896 1922 3948 271;
1955 3916 2016 3925 —-—
2058 3888 2336 3951 sepultura
2374 3887 2668 3951 majorum,
2701 3890 2815 3933 271-

1807 3968 1921 4019 276;
1972 3988 2033 3995 —-
2079 3959 2358 4022 sepultura
2407 3960 2462 4005 in
2509 3958 2816 4006 ccemet-erio

1807 4031 2126 4095 parochiali,
2177 4035 2441 4088 276-282;
2497 4056 2550 4065 --
2601 4029 2816 4075 ubinam

1805 4103 2018 4165 sepeliri
2057 4102 2295 4150 debeant
2325 4114 2336 4147 z
2371 4102 2648 4149 Romanus
2681 4114 2812 4161 pon-

1805 4175 1950 4223 tifex.
1985 4178 2100 4226 283:
2129 4200 2188 4209 -—
2213 4172 2470 4234 episcopi,
2499 4174 2730 4229 28:348ss
2758 4195 2815 4205 —·

1803 4246 2042 4307 episcopi
2083 4244 2354 4301 titulat-es,
2387 4246 2507 4298 28·st
2540 4268 2600 4277 —
2637 4240 2812 4289 cardi-

1803 4317 1974 4368 nales,
2009 4318 2259 4365 asi-285:
2295 4342 2348 4350 —
2385 4312 2655 4362 canonici.
2693 4316 2806 4360 285-
