3192 5025
653 522 756 576 :392

653 644 892 695 Furta:
927 642 1053 691 furti
1095 642 1146 689 in
1189 639 1414 689 ecclesia
1447 635 1725 686 commissi

715 714 946 773 malitia,
977 718 1162 761 90-91.

1159 870 1216 925 G

649 1009 894 1061 Gallia:
924 1008 990 1055 de
1031 1006 1170 1056 resto
1208 1003 1567 1054 dedicationis
1605 1016 1722 1050 om-

708 1083 858 1130 nium
897 1079 1247 1128 ecclesiarum
1289 1077 1344 1124 in
1389 1074 1589 1133 Gallia,
1632 1076 1721 1120 43-

709 1156 796 1210 44;
845 1178 908 1187 -
953 1151 1020 1199 de
1060 1150 1184 1213 jure
1230 1147 1368 1210 asyli
1417 1146 1470 1194 in
1519 1144 1721 1202 Gallia,

709 1228 828 1283 1163
865 1248 929 1259 -
965 1221 1032 1269 de
1075 1218 1418 1268 institutione
1463 1218 1724 1266 coemete—

709 1295 910 1343 riorum
981 1290 1324 1356 publicorum
1390 1289 1444 1337 in
1517 1286 1721 1343 Gallia,

709 1370 799 1413 330
829 1376 940 1427 sq.;
970 1388 1033 1399 —-—
1061 1362 1192 1425 quid
1219 1362 1344 1409 inde
1373 1358 1552 1423 quoad
1581 1356 1722 1407 rela-

712 1438 822 1486 tiva
844 1438 969 1499 jura
997 1433 1359 1497 parochorum
1389 1432 1443 1480 et
1471 1428 1725 1479 ecclesia-

707 1522 828 1557 rum
849 1505 1232 1556 tumulantium
1255 1504 1367 1552 sive
1383 1500 1723 1551 saecularium

711 1580 825 1632 sive
853 1577 1208 1641 regularium,
1239 1580 1330 1623 336
1360 1588 1439 1636 sq.

652 1855 989 1910 Haeretlel:
1024 1852 1202 1916 quoad
1242 1851 1603 1913 privationem
1642 1864 1726 1897 se·

712 1928 970 1992 pulturae,
1003 1926 1255 1973 355-358.

651 1995 1122 2052 Ηοωίοίᾱίιιιιιε
1151 1994 1332 2058 quoad
1369 1992 1727 2057 pollutionem

712 2069 980 2127 ecclesiae,
1014 2070 1198 2114 'to-72.

652 2139 1050 2205 Hospitalla:
1080 2135 1323 2185 defuncti
1352 2134 1407 2183 in
1437 2134 1725 2197 hospitali-

715 2212 818 2261 bus
845 2210 1024 2275 quoad
1053 2208 1233 2258 locum
1261 2207 1582 2269 sepultura),
1613 2210 1730 2254 281-

715 2288 824 2334 282.

655 2355 1000 2408 Humano:
1029 2350 1223 2400 modus
1262 2348 1546 2398 funerandi
1584 2348 1728 2411 apud

717 2426 1078 2483 Christianos,
1133 2426 1394 2481 230-2323
1451 2446 1514 2457 —
1564 2420 1729 2470 etiam

716 2498 861 2562 apud
885 2509 1147 2562 paganos,
1180 2498 1268 2544 231
1285 2497 1436 2544 -232,

1180 2641 1212 2696 1

657 2784 920 2844 Imauo:
952 2780 1127 2840 imago
1156 2777 1396 2826 defuncti
1427 2791 1534 2826 non
1564 2791 1732 2840 expo-

720 2853 896 2902 nenda
925 2851 979 2898 in
1011 2847 1317 2906 funeribuS,
1353 2852 1463 2896 350.

659 2922 1041 2976 Immunltas
1063 2920 1416 2970 coemeteru
1447 2918 1516 2968 ab
1544 2918 1736 2968 usibus

722 2993 990 3058 profanis,
1020 2995 1252 3049 252-2533
1280 3016 1343 3025 —-
1366 2990 1573 3053 dejure
1597 2991 1734 3054 asyli

724 3065 900 3128 quoad
931 3062 1264 3120 coemeteria,
1297 3065 1405 3108 252.

661 3136 1046 3189 Immunltas
1087 3133 1376 3185 eoeleslae
1423 3131 1491 3180 ab
1547 3132 1737 3181 usibus

724 3206 992 3271 profanis,
1032 3209 1088 3253 87
1135 3216 1242 3266 sq.;
1284 3229 1347 3239 —-
1393 3203 1445 3250 in
1495 3203 1737 3252 ecclesiis

725 3279 898 3328 vetita
935 3278 1062 3324 sunt
1084 3275 1288 3337 judicia
1321 3273 1625 3335 saecularia,
1651 3279 1737 3322 87-

725 3353 813 3408 883
845 3374 907 3383 —-
935 3345 1328 3408 negotiationes
1366 3346 1423 3393 et
1456 3345 1735 3404 nundinae,

727 3425 812 3478 88;
833 3417 1230 3466 —societatum
1253 3416 1591 3464 saecularium
1613 3431 1741 3465 con-

727 3494 948 3547 ventus,
978 3492 1064 3546 89;
1095 3513 1158 3522 -
1185 3485 1296 3534 ludi
1327 3490 1381 3535 et
1409 3486 1735 3549 spectacula,

727 3566 813 3619 89;
841 3588 902 3596 —
931 3556 1422 3614 confabulationes,
1454 3563 1540 3616 903
1569 3585 1629 3593 -
1648 3559 1737 3606 ad-

729 3632 913 3681 missio
957 3630 1195 3693 profanae
1235 3629 1612 3690 supellectilis,
1649 3635 1736 3688 90;

726 3729 788 3738 —-
815 3703 882 3750 de
911 3701 1070 3750 furtis
1099 3699 1152 3746 in
1181 3699 1450 3756 ecclesiiS,
1485 3704 1665 3748 90-91.

666 3771 956 3824 Indulta:
988 3770 1142 3819 Rom.
1167 3769 1438 3832 pontificis
1458 3771 1636 3832 quoad
1656 3786 1739 3820 ce-

728 3843 1088 3892 lebrationem
1109 3841 1394 3888 missarum
1415 3841 1468 3888 in
1491 3843 1741 3890 oratoriis

730 3913 1068 3970 domesticis,
1127 3915 1384 3971 153-1563
1431 3939 1494 3947 —
1548 3912 1740 3960 horum

731 3984 1063 4034 indultorum
1089 3982 1342 4030 clausulae
1372 3983 1551 4044 quoad
1579 3983 1743 4031 inter-

733 4058 954 4104 ventum
1015 4053 1296 4111 ordinarii,
1361 4057 1619 4112 156-157;
1684 4081 1739 4088 —

730 4127 908 4189 quoad
938 4125 1114 4189 ipsum
1140 4125 1319 4173 locum
1350 4125 1596 4182 oratorii,
1631 4129 1745 4172 157-

732 4201 849 4256 159;
871 4225 934 4233 —
952 4197 1130 4259 quoad
1159 4196 1332 4258 ipsam
1356 4196 1573 4243 missam
1589 4232 1601 4254 ,
1629 4196 1745 4244 dies

734 4270 991 4330 exceptos
1016 4271 1072 4315 et
1100 4267 1465 4325 sacerdotem,
1491 4271 1739 4326 159-1613

733 4365 794 4374 —
814 4338 993 4399 quoad
1021 4336 1370 4396 indultarioS,
1403 4341 1488 4384 161
1505 4342 1656 4398 -162;
1684 4365 1746 4374 —

1489 518 1577 569 DE
1618 516 1799 569 Locis
1839 516 2066 567 SAcnls

1889 634 2067 697 quoad
2088 635 2223 682 alios
2246 633 2647 697 privilegiatos,
2670 636 2911 679 163465:

1888 732 1951 743 —-—
1978 706 2157 769 quoad
2186 705 2617 754 satisfactionem
2647 702 2911 765 praecepti

1888 778 1957 825 de
2004 777 2167 825 missa
2204 776 2499 833 audienda,
2554 778 2814 832 165-166;
2856 798 2913 807 —

1890 847 2203 910 quoadjura
2222 845 2585 910 parochialia,
2615 850 2735 904 1673
2761 845 2915 891 —in-

1888 920 2039 968 dulta
2082 918 2136 967 S.
2183 918 2631 980 Congregationis
2682 916 2915 965 Concilii

1888 991 2075 1039 eadem
2100 992 2167 1039 de
2188 1004 2271 1049 re,
2296 993 2554 1047 167-1683
2575 989 2751 1051 —jus
2770 1002 2915 1035 com-

1888 1076 2050 1111 mune
2081 1062 2223 1110 circa
2260 1061 2499 1109 oratoria
2536 1060 2849 1107 domestica
2888 1072 2915 1104 a

1890 1133 2045 1182 Rom.
2070 1132 2326 1196 pontifice
2355 1146 2643 1188 concessa,
2671 1134 2915 1179 168-151:

1885 1232 1949 1241 —
1975 1204 2218 1267 episcopi
2244 1206 2491 1267 potestas
2518 1202 2705 1265 quoad
2736 1206 2919 1249 orato-

1889 1277 1966 1324 ria
2016 1290 2046 1324 a
2101 1275 2256 1324 Rom.
2309 1273 2571 1337 pontifice
2618 1287 2917 1324 concessa,

1890 1352 2141 1406 172-1733
2197 1374 2261 1383 —
2304 1346 2485 1409 quoad
2540 1345 2793 1394 oratoria
2850 1344 2918 1391 ab

1888 1420 2007 1481 ipso
2046 1418 2305 1481 episcopo
2334 1432 2623 1474 concessa,
2658 1420 2914 1464 173-174.

1826 1490 2112 1541 lniantes
2153 1502 2288 1540 non
2328 1490 2633 1552 baptizati
2668 1503 2684 1537 ε
2731 1488 2919 1550 quoad

1889 1562 2243 1625 privationem
2274 1561 2598 1624 sepulturae,
2632 1563 2745 1608 353.

2346 1718 2386 1771 J

1825 1848 2161 1912 Jejunium
2198 1861 2213 1896 ε
2257 1845 2432 1909 pridie
2480 1844 2917 1897 consecrationis

1890 1918 2158 1974 ecclesiae,
2190 1922 2379 1965 32-33.

1826 1991 2083 2041 Judlcla
2118 1987 2457 2040 saecularia
2486 2001 2503 2036 =
2540 1986 2825 2049 prohibita
2866 1986 2917 2033 in

1893 2060 2160 2119 ecclesiis,
2192 2064 2269 2108 87.

1826 2135 1868 2185 J
1874 2146 1951 2184 us
1974 2131 2135 2195 asyli
2159 2147 2175 2183 ι
2203 2131 2384 2193 quoad
2404 2130 2691 2187 ecclesias,
2714 2130 2915 2175 94-118.

1890 2234 1953 2241 —-
1983 2204 2119 2252 Vide
2148 2200 2311 2264 Asyli
2334 2202 2463 2262 jin,-
2493 2228 2558 2238 —
2588 2199 2775 2263 quoad
2808 2213 2917 2246 ccr-

1893 2276 2141 2331 meteria,
2172 2278 2289 2331 103;
2324 2278 2431 2323 252.

1829 2351 1953 2402 Jus
1994 2346 2342 2411 sepulturae
2379 2359 2395 2395 ε
2436 2342 2922 2407 vide-Sepultura·

1886 2435 2002 2486 μη.

1830 2494 1953 2546 olus
1980 2488 2247 2543 tumuli:
2278 2487 2456 2546 notio,
2490 2489 2744 2536 263-26-1.

2346 2640 2401 2696 1.

1838 2767 2053 2818 Loca:
2097 2765 2210 2827 pia,
2252 2762 2530 2824 religiosa,
2566 2774 2747 2816 sacra,
2792 2759 2923 2822 quid

1896 2839 2033 2896 sint,
2066 2838 2316 2892 177-180;
2363 2859 2423 2869 —
2464 2832 2708 2880 oratoria
2740 2833 2799 2878 in
2840 2831 2924 2879 his

1898 2908 2059 2967 locis,
2093 2904 2225 2954 ibid.

1838 2982 2044 3032 Loca:
2082 2993 2203 3042 quoe
2242 2977 2362 3026 loca
2392 2975 2515 3038 jure
2554 2975 2699 3038 asyli
2737 2973 2926 3022 fruun-

1902 3055 2005 3108 tur,
2037 3055 2123 3098 101
2156 3063 2275 3112 sqq.

1840 3307 2155 3361 Monlales
2185 3321 2199 3356 ε
2234 3307 2327 3369 jus
2364 3305 2569 3352 habent
2607 3305 2925 3352 restrictum

1900 3380 2195 3443 sepulturae
2219 3378 2273 3425 in
2300 3376 2411 3425 suis
2435 3376 2791 3434 coemeteriis,
2815 3381 2929 3424 261-

1902 3457 2021 3510 2623
2077 3477 2138 3487 —
2190 3448 2448 3496 moniales
2500 3447 2684 3508 quoad
2744 3447 2923 3496 locum

1901 3522 2223 3586 sepulturae,
2246 3524 2363 3579 2963
2399 3545 2450 3553 —
2482 3519 2551 3567 de
2580 3531 2771 3566 earum
2803 3533 2925 3581 pro-

1906 3594 2061 3643 fessis
2089 3590 2461 3645 triennalibus,
2487 3590 2732 3646 novitiis,
2756 3591 2927 3638 samu-

1902 3665 2084 3721 labus,
2126 3665 2251 3720 etc.,
2291 3661 2469 3724 quoad
2512 3661 2695 3708 locum
2738 3661 2919 3724 sepul-

1902 3741 2065 3793 turae,
2096 3729 2205 3783 29'6.
2340 3745 2347 3750 ·

2350 3858 2411 3912 N

1844 3980 2322 4045 Neootlatlones
2354 3989 2369 4027 z
2412 3974 2707 4038 prohibita:
2748 3975 2803 4022 in
2844 3991 2927 4023 ec-

1906 4053 2109 4108 clesiis,
2141 4054 2219 4097 88.

1844 4123 2172 4176 Nuntiatio
2206 4120 2356 4170 novi
2396 4118 2651 4181 operis:
2682 4118 2805 4180 ejus
2835 4131 2927 4164 no-

1910 4197 2010 4252 tio,
2076 4197 2161 4252 173
2218 4217 2280 4228 —
2335 4190 2455 4252 quis
2517 4189 2603 4237 cui
2672 4189 2925 4236 nuntiare

1908 4266 2130 4321 debeat,
2172 4268 2257 4322 18;
2302 4289 2357 4298 -
2397 4259 2759 4310 nuntiationis
2802 4259 2929 4308 effe·

1908 4339 2056 4394 ctus,
2087 4339 2266 4383 18-20.
