3192 5025
409 492 606 544 CchA
642 454 867 544 'LocUM
895 493 974 543 'IN
1013 493 1152 554 Quo
1187 493 1480 555 QUISQUE
1517 494 1779 548 FIDELIS
1818 497 2123 548 SEPELIRI
2164 497 2421 548 DEBEAT
2495 495 2599 548 267

430 636 588 702 Dixi
625 655 639 703 :
692 637 986 722 exceptis
1023 637 1496 723 impuberibus
1533 647 1599 704 et
1634 640 2127 725 Reqularibus,
2170 641 2329 729 quia
2365 662 2599 706 revera

331 749 444 814 hae
482 750 634 814 duae
661 749 802 837 juri
838 750 1142 839 generali
1179 753 1506 840 appositae
1545 761 1708 818 sunt
1744 755 2179 842 exceptiones
2196 805 2213 834 ,
2253 762 2332 820 ut
2368 754 2601 820 statim

331 864 724 951 exponitur.

432 1067 622 1136 164.
647 1105 738 1117 —
759 1068 956 1137 Duae
986 1069 1488 1156 exceptiones
1516 1069 1681 1158 logi
1706 1070 2603 1158 apponendae.—Praeter

329 1180 498 1246 illos
546 1182 662 1270 qui
707 1205 842 1248 usu
889 1181 1178 1248 rationis
1225 1189 1494 1264 carent,
1536 1191 1607 1250 et
1642 1184 1760 1272 qui
1807 1183 2091 1272 proinde
2130 1207 2268 1250 non
2310 1190 2604 1274 possunt

329 1296 611 1382 eliqere,
641 1296 804 1384 quia
831 1319 970 1362 non
994 1304 1285 1385 possunt
1317 1320 1546 1384 eqere,
1582 1335 1674 1347 —
1704 1299 2089 1384 impuberes
2126 1305 2195 1364 et
2230 1299 2601 1384 Requlares

329 1409 694 1496 privantur
721 1408 878 1496 jure
917 1409 1214 1497 eligendi
1253 1411 1679 1499 sepulturam
1714 1429 1729 1476 :

431 1525 498 1587 1⁰
533 1522 634 1587 De
673 1524 1170 1610 impuberibus·
1195 1563 1283 1572 —
1307 1525 1409 1590 De
1443 1524 1943 1614 impuberibus,
1968 1523 2041 1590 id
2063 1531 2193 1608 est,
2214 1525 2299 1590 de
2339 1548 2601 1590 mascu-

329 1637 424 1702 lis
461 1636 640 1702 insra
671 1659 932 1704 annum
966 1637 1304 1706 decimum
1342 1645 1665 1728 quartum
1691 1638 2139 1728 completum,
2178 1645 2247 1704 et
2282 1638 2367 1704 de
2402 1638 2601 1704 femi-

331 1749 448 1815 nis
483 1750 658 1816 infra
696 1773 956 1818 annum
1000 1753 1477 1820 duodecimum
1523 1753 1945 1842 completum
1986 1753 2380 1820 constitutis
2395 1803 2413 1834 ,
2454 1752 2596 1818 haec

329 1862 626 1930 dicenda
657 1886 676 1934 :

427 2001 491 2043 a.
535 1977 932 2066 Impuberes
949 1979 1419 2065 prohihentur
1445 1980 1693 2068 eliqere
1720 1981 2173 2068 sepulturam.
2193 2018 2282 2031 —
2308 1979 2596 2046 Constat

329 2114 490 2180 cap.
517 2093 730 2178 Licet,
773 2094 842 2174 4,
876 2092 980 2158 Dr.
1007 2113 1418 2177 strenuam,
1445 2095 1518 2160 in
1539 2093 1656 2177 VI,
1685 2095 1758 2160 in
1795 2119 1929 2184 quo
1970 2095 2069 2160 sic
2107 2095 2351 2161 statuit
2390 2095 2593 2161 Boni-

328 2205 556 2272 facius
601 2206 810 2274 VIII:
868 2233 900 2268 «
959 2207 1154 2274 Licet
1207 2215 1400 2295 pater
1447 2208 1745 2274 minores
1798 2209 2011 2292 filios,
2053 2210 2177 2296 qui
2216 2217 2592 2296 nequeunt,

329 2329 706 2408 antequam
741 2323 832 2388 ad
867 2345 1080 2388 annos
1107 2325 1498 2410 pubertatis
1524 2325 1964 2410 perveniant,
2006 2324 2254 2411 eliqere
2289 2325 2596 2411 sepultu-

331 2457 522 2521 ram,
577 2435 830 2525 possit,
873 2435 933 2500 si
979 2436 1401 2503 consuetudo
1447 2444 1645 2503 terrae
1692 2437 1765 2503 id
1798 2435 2047 2503 habeat
2062 2489 2081 2519 ,
2122 2459 2256 2526 quo
2302 2437 2598 2504 voluerit

329 2548 622 2637 sepelire
643 2601 660 2631 ,
721 2550 850 2615 hoc
909 2557 1142 2617 tamen
1199 2574 1340 2617 non
1393 2559 1657 2640 potest,
1712 2551 1831 2618 ubi
1882 2550 2302 2617 consuetudo
2364 2551 2597 2639 hujus-

329 2662 524 2727 modi
573 2685 712 2728 non
757 2662 1072 2747 habetur,
1121 2662 1244 2730 sed
1298 2671 1463 2730 sunt
1517 2688 1675 2731 cum
1736 2666 1878 2731 suis
1930 2661 2303 2751 majoribus
2362 2664 2477 2728 vel
2526 2665 2596 2729 in

327 2776 708 2863 parochiali
743 2777 1028 2844 ecclesia
1066 2777 1476 2845 tumulandi.
1525 2806 1558 2839 »

425 2890 496 2955 h.
540 2890 744 2956 Pater
779 2897 1012 2979 potest
1047 2914 1171 2980 pro
1201 2892 1370 2979 ipsis
1407 2892 1659 2979 eligere
1697 2892 2153 2979 sepulturam,
2196 2892 2351 2976 sed,
2396 2892 2591 2980 quid-

327 3004 502 3093 quid
537 3004 778 3071 dicunt
813 3004 1026 3094 aliqui
1048 3010 1094 3088 ¹,
1130 3006 1328 3071 modo
1369 3006 1526 3071 talis
1551 3006 1643 3071 sit
1670 3005 2079 3071 consuetudo
2096 3025 2125 3088 ‚·
2162 3006 2369 3072 nimis
2408 3007 2593 3071 enim

327 3118 518 3183 clara
561 3126 722 3183 sunt
759 3118 966 3184 verba
1013 3120 1119 3185 bis
1155 3118 1446 3207 repetita
1492 3118 1822 3185 Bonifacii
1865 3116 2026 3183 VIII
2066 3118 2136 3184 in
2183 3142 2341 3184 mox
2382 3120 2589 3207 alleg.

329 3255 486 3321 cap.
518 3270 610 3281 ——
645 3232 795 3298 Hoc
824 3232 970 3320 jam
1009 3241 1286 3299 cautum
1315 3239 1462 3299 erat
1507 3232 1580 3297 in
1618 3256 1768 3322 cap.
1812 3232 1913 3298 De
1949 3255 2192 3317 umore,
2238 3234 2303 3313 7,
2349 3232 2451 3298 DE:
2490 3254 2595 3299 SE-

329 3366 664 3413 remmus,

425 3482 483 3525 c.
529 3460 902 3526 Deficiente
941 3467 1134 3549 patre
1177 3460 1278 3549 (v.
1323 3482 1422 3546 g.,
1466 3460 1809 3547 mortuo),
1854 3458 2035 3524 idem
2074 3466 2306 3547 potest
2351 3467 2590 3543 mater,

329 3573 494 3655 sed,
533 3581 614 3640 ut
665 3580 889 3662 patet,
941 3572 1144 3639 modo
1196 3572 1402 3641 etiam
1458 3573 1642 3641 adsit
1690 3574 2136 3639 consuetudo.
2181 3612 2269 3623 -
2308 3572 2601 3641 Constat

325 3685 648 3775 pluribus
695 3687 1154 3753 decisionibus
1212 3710 1554 3754 sacrarum
1614 3685 1865 3774 Congr.
1910 3688 2142 3769 Rom.‚
2194 3711 2262 3753 v.
2316 3710 2417 3774 g.,
2461 3710 2596 3753 una

327 3800 410 3867 S.
456 3800 1018 3887 Congregationis
1056 3800 1378 3883 Concilii,
1413 3823 1619 3889 quam
1657 3799 1866 3867 refert
1915 3807 1985 3865 et
2031 3799 2362 3889 approbat
2397 3799 2599 3890 (licet

329 3937 462 4004 pro
499 3937 660 3981 casu
695 3913 1130 4003 particulari)
1167 3914 1611 3980 Innocentius
1642 3915 1735 3995 X,
1778 3914 1849 3979 in
1889 3913 2079 3979 brevi
2105 3914 2221 3979 Ex
2258 3916 2592 4002 injunctO,

329 4026 424 4093 22
473 4025 606 4093 feb.
663 4027 872 4109 1646,
923 4032 956 4112 ἕ
1013 4030 1054 4095 6
1104 4046 1120 4094 :
1193 4055 1225 4089 «
1289 4028 1404 4092 An
1465 4033 1683 4093 mater
1738 4050 1861 4114 pro
1917 4026 2075 4091 filiis
2132 4026 2597 4118 impuberibus

327 4140 559 4228 possit
609 4140 861 4228 eligere
923 4142 1370 4228 sepulturam.
1432 4142 1643 4228 Resp.
1706 4138 1775 4205 S.
1844 4138 2127 4227 Congr.:
2188 4142 2347 4207 Non
2402 4142 2597 4207 licere

399 4310 420 4343 ¹
455 4311 620 4373 Apud
649 4270 836 4369 retra,
868 4310 932 4359 In
963 4312 1134 4360 conse.
1161 4310 1220 4359 η
1242 4308 1475 4359 Honor-22·
1502 4310 1611 4367 111,
1644 4325 1695 4357 n.
1729 4316 1785 4369 9,
1812 4314 1853 4360 t.
1885 4326 1947 4364 ιι,
1980 4326 2035 4373 p.
2067 4316 2175 4359 210.
