3192 5025
1037 521 1126 572 DE
1161 521 1520 574 ORATORIIS
1556 521 2063 574 saul-Punucls
2576 519 2679 572 ¹85

471 807 512 882 S
551 809 620 868 3.
665 809 774 868 De
814 809 1339 868 {unctionibus
1376 823 1543 883 quoe
1579 809 1757 868 fleri
1796 815 2115 884 possunt
2152 809 2235 868 ln
2273 810 2629 868 oratoriis

1254 904 1448 962 semi
1459 935 1485 948 -
1500 920 1596 977 pu
1605 905 1848 964 blicis.

515 1124 705 1193 103.
754 1162 843 1173 —
893 1123 1164 1194 Status
1202 1125 1733 1194 oratoriorum
1772 1097 2527 1214 semi-publicorum
2566 1144 2685 1195 re-

407 1237 668 1306 lative
713 1237 816 1306 ad
854 1237 1319 1326 paz-ochum.

511 1351 602 1414 N.
645 1353 730 1418 B.
771 1389 861 1401 —-
897 1351 1052 1418 Non
1099 1353 1366 1440 agimus
1403 1351 1514 1418 hic
1558 1352 1694 1418 nisi
1731 1352 1815 1418 de
1862 1353 2145 1442 capellis
2181 1353 2685 1444 principalibus

409 1465 728 1530 locorum
764 1465 1275 1553 religiosorum,
1317 1466 1887 1532 communitatum
1906 1519 1921 1548 ,
1966 1473 2097 1533 etc.
2134 1505 2225 1516 ——
2262 1466 2475 1532 Porro
2511 1485 2528 1535 :

511 1580 582 1643 1⁰
616 1577 856 1659 Quoad
899 1583 946 1664 s
943 1581 1287 1645 unctiones
1333 1579 1807 1646 ecclesiasticas
1823 1599 1855 1665 ,⁰
1901 1579 2083 1646 idem
2135 1603 2413 1668 prorsus
2456 1579 2685 1644 dicen—

409 1692 590 1758 dum
634 1716 711 1758 ac
758 1693 1018 1758 dictum
1066 1700 1173 1758 est
1229 1715 1432 1781 supra
1479 1694 1564 1758 de
1616 1692 1944 1759 Oratoriis
1988 1695 2290 1781 puhlicis
2340 1693 2443 1781 (n.
2498 1692 2681 1782 74),

411 1828 668 1894 nempe
727 1829 964 1872 omnes
1017 1806 1404 1872 functiones
1462 1808 1907 1872 sacerdotales
1956 1807 2133 1896 (non
2175 1806 2681 1896 parochiales),

412 1942 576 2008 quae
626 1918 721 1984 ibi
770 1926 1278 2002 enumerantur,
1332 1943 1535 2009 posse
1589 1921 1795 1986 etiam
1843 1921 2079 2009 peragi
2128 1921 2199 1987 in
2254 1920 2565 1987 oratoriis
2604 1921 2686 1986 de

409 2032 672 2122 quibus
733 2035 1022 2120 agimus,
1105 2033 1316 2117 Nam,
1395 2035 1464 2100 vi
1532 2035 1959 2101 decretorum
2031 2035 2100 2101 S.
2184 2033 2436 2124 Congr.
2508 2034 2681 2116 Bit„

411 2171 534 2214 an.
583 2147 787 2230 1703,
829 2148 916 2214 ad
955 2147 1072 2230 13,
1116 2148 1220 2212 hae
1247 2155 1540 2236 possunt
1574 2149 1811 2238 peragi
1838 2150 2042 2214 ctiam
2083 2150 2154 2214 in
2191 2150 2509 2215 oratoriis
2537 2150 2688 2235 pri-

411 2262 590 2326 vatis
643 2263 1324 2346 confraternitatum,
1387 2262 1472 2327 de
1532 2260 1783 2351 quibus
1838 2264 2175 2352 praecipue
2233 2261 2565 2350 agebatur
2614 2262 2687 2326 in

409 2375 530 2440 his
594 2374 918 2456 decretis3
979 2398 1140 2463 ergo
1198 2399 1236 2440 a
1300 2375 1560 2440 fortiori
1617 2376 1850 2464 peragi
1914 2383 2207 2464 possunt
2273 2377 2341 2440 in
2397 2375 2683 2463 capellis

399 2489 917 2576 principalibus
954 2488 1546 2573 communitatum,
1589 2514 1741 2578 quae
1782 2489 2000 2578 magis
2038 2488 2370 2556 accedunt
2407 2488 2494 2555 ad
2533 2512 2684 2554 ora-

411 2603 596 2668 toria
637 2602 931 2691 publica.
975 2642 1062 2652 —
1100 2603 1494 2669 Notandum
1545 2604 1751 2670 etiam
1804 2611 1942 2685 est,
1998 2604 2222 2691 quoad
2268 2610 2687 2692 praeceptum

411 2718 650 2783 missae
687 2716 926 2783 diebus
965 2717 1323 2783 dominicis
1372 2725 1440 2783 et
1485 2716 1752 2783 festivis
1798 2717 2185 2799 audiendoe,
2232 2740 2369 2782 non
2415 2722 2686 2782 tantum

413 2832 550 2896 hos
586 2830 822 2897 fideles
859 2831 1008 2919 qui,
1052 2854 1136 2896 ex
1184 2832 1333 2920 ipsa
1371 2839 1614 2897 natura
1654 2831 1817 2913 loci,
1860 2832 1931 2895 in
1970 2831 2112 2896 haec
2152 2830 2446 2907 oratoria
2488 2830 2688 2896 semi-

413 2943 693 3034 publica
723 2945 1087 3010 convenire
1125 2944 1381 3027 solent,
1425 2946 1546 3011 sed
1583 2966 2047 3031 quoscumque
2078 2944 2309 3029 fideles
2352 2966 2554 3032 posse
2594 2942 2689 3008 ibi

415 3059 580 3124 huic
616 3057 954 3148 praecepto
1003 3059 1425 3141 satisfacere,
1467 3064 1546 3124 ut
1588 3082 1711 3147 per
1746 3082 1820 3125 se
1872 3058 2037 3123 satis
2086 3065 2309 3147 patet,
2355 3064 2422 3123 et
2460 3057 2689 3123 decla-

413 3172 601 3238 ravit
637 3173 708 3239 S.
753 3174 893 3239 Rit.
934 3172 1217 3261 Congr.,
1262 3173 1332 3237 in
1370 3174 1710 3257 Romana,
1755 3174 1794 3239 3
1836 3196 1992 3260 aug.
2041 3172 2204 3239 1901
2244 3192 2259 3241 ε
2296 3198 2328 3233 «
2379 3171 2689 3237 Particu-

413 3289 559 3353 lam
597 3286 853 3353 decreti
882 3286 1220 3375 generalis
1250 3309 1454 3375 super
1482 3286 1795 3351 oratoriis
1825 3285 2344 3374 semi-publiciS,
2376 3308 2445 3350 n.
2483 3286 2686 3368 4007,

418 3401 533 3467 die
592 3402 678 3467 23
727 3399 1110 3489 jan.1899
1165 3420 1182 3467 :
1239 3400 1474 3487 Atque
1524 3399 1778 3465 similia
1825 3402 2126 3465 oratoria
2180 3401 2251 3463 in
2298 3400 2551 3485 quibu-3
2606 3422 2691 3464 ex

423 3516 738 3580 instituto
797 3515 1047 3601 aliquis
1107 3514 1659 3600 christifidelium
1706 3523 1911 3579 coetus
1974 3513 2323 3579 convenire
2368 3514 2537 3577 solet
2601 3513 2690 3577 ad

417 3630 832 3695 audiendam
871 3630 1180 3713 missam,
1223 3628 1519 3716 intelligi
1565 3650 1767 3716 posse
1817 3628 1898 3692 de
1939 3626 2484 3715 quibuscumque
2522 3625 2689 3691 fide-

417 3741 602 3808 libus
641 3744 791 3831 qui,
836 3742 1255 3808 assentiente
1292 3742 1569 3807 domino
1619 3741 1754 3806 loci
1800 3747 1869 3806 et
1907 3740 2249 3806 Ordinarii
2287 3740 2688 3806 auctoritate

421 3856 953 3938 interveniente,
1001 3855 1329 3923 accedant
1366 3855 1454 3921 ad
1489 3855 1817 3945 praedicta
1854 3855 2149 3921 oratoria
2186 3877 2309 3943 pro
2348 3853 2687 3921 audienda

423 3968 632 4034 missa
669 3970 878 4035 etiam
915 3970 987 4034 in
1025 3968 1632 4057 adimplementum
1670 3968 1993 4056 praecepti
2030 3967 2261 4034 festivi
2286 3971 2329 4033 ¹.
2380 3994 2413 4029 »

513 4082 582 4146 2⁶
621 4081 862 4162 Quoad
911 4092 1336 4149 sacramenta
1387 4090 1456 4149 et
1510 4087 1794 4167 funera,
1848 4081 2183 4151 servanda
2240 4088 2403 4146 sunt
2450 4079 2687 4145 stricte

489 4260 506 4293 ¹
543 4262 678 4310 Acta
709 4262 762 4310 S.
801 4260 982 4319 Sedis,
1018 4263 1058 4311 t.
1089 4275 1270 4319 xxxxv,
1305 4276 1360 4323 p.
1393 4263 1510 4318 ⁴273
1545 4260 1640 4307 ubi
1678 4261 1825 4322 legas
1855 4260 2047 4308 doctas
2078 4258 2307 4307 Piazzcsi
2337 4258 2685 4307 animadver-

421 4339 606 4389 siones
636 4340 690 4387 in
721 4354 940 4388 sensum
971 4340 1131 4403 huius
1159 4339 1531 4402 responsionis
1557 4338 1640 4401 (p.
1673 4337 1937 4401 427-431).
