3192 5025
630 476 721 527 DE
758 475 1225 528 INSTITUTIONE
1262 475 1822 528 COEMETERIORUM
1861 475 2278 530 PUBLICORUM
2486 479 2588 531 333

465 619 605 686 ‚In
644 620 1063 703 Ariminen„
1106 620 1492 704 Funerum,
1540 619 1623 686 16
1663 619 1840 707 junii
1892 620 2097 704 1827,
2151 622 2235 688 ad
2275 623 2478 689 dubia
2519 625 2582 706 3,

328 736 397 817 4,
418 645 548 799 ⁰⁶5¹
594 733 673 798 In
702 734 827 799 hac
867 735 1170 829 decisum
1207 739 1313 799 est
1350 733 1704 799 ecclesiam
1747 735 2150 821 regularem,
2186 760 2390 825 quam
2429 739 2592 804 fide-

328 849 433 913 les
472 849 820 935 elegerant
856 847 943 912 ad
979 819 1229 932 funera
1269 847 1630 973 explenda,
1665 855 1734 913 et
1771 871 1920 936 quae
1959 847 2252 916 habebat
2281 853 2588 940 sepulcra

328 961 703 1049 gentilitia,
765 984 1033 1026 servare
1085 961 1313 1026 omnia
1364 959 1551 1048 jura,
1623 985 1760 1026 non
1827 961 2142 1029 obstante
2205 967 2589 1032 coerneterio

328 1074 639 1163 publico,
682 1083 752 1140 et
788 1075 1071 1163 proinde
1108 1097 1309 1163 posse
1357 1074 1577 1140 adhuc
1625 1075 1861 1141 funera
1909 1077 2180 1164 explere
2227 1087 2294 1144 et
2334 1081 2589 1145 emolu-

329 1195 559 1254 menta
599 1189 978 1277 percipere,
1024 1194 1307 1277 excepta
1348 1195 1610 1276 quarta.

420 1302 488 1367 d.
534 1300 613 1366 In
652 1299 1092 1384 Forolivien.,
1127 1302 1506 1385 Funerum,
1542 1301 1628 1368 26
1660 1302 1804 1390 jan.
1845 1303 2076 1370 18332.
2113 1302 2191 1368 In
2231 1305 2353 1370 hac
2384 1307 2588 1372 ctiam

330 1415 633 1480 decisum
674 1422 811 1496 est,
856 1415 1217 1482 ecclesiam
1257 1415 1638 1503 regularem
1677 1439 1946 1482 servare
1985 1418 2214 1482 omnia
2253 1441 2371 1484 sua
2404 1420 2584 1508 jura,

330 1528 593 1594 ratione
631 1529 971 1594 electionis
1008 1536 1126 1594 aut
1162 1529 1457 1614 sepulcri
1493 1530 1850 1614 qentilitii,
1895 1529 2073 1595 sicut
2109 1539 2266 1596 ante
2306 1534 2589 1598 erectio-

332 1663 490 1706 nem
529 1643 1097 1708 coemeteriorum.

420 1778 477 1820 e.
525 1754 603 1819 In
655 1756 931 1838 AEsina,
982 1755 1177 1820 Juris
1219 1757 1628 1841 funerandi,
1696 1755 1782 1821 26
1831 1779 1991 1822 nov.
2049 1756 2218 1823 1864
2245 1759 2290 1824 ³.
2335 1757 2414 1824 In
2463 1760 2588 1825 hac

330 1869 638 1934 decisum
693 1877 832 1951 est,
899 1868 1255 1934 ecclesiam
1310 1869 1724 1956 regularem,
1775 1869 2142 1936 habentem
2203 1873 2588 1960 sepulcrum

331 1982 783 2072 gentilitium,
835 2005 1105 2048 servare
1154 1982 1381 2048 omnia
1425 1981 1614 2069 jura,
1659 1989 1727 2047 et
1775 1984 2176 2071 parochum,
2221 1987 2338 2074 qui
2383 1987 2588 2054 funus

332 2104 631 2170 indebite
670 2113 1059 2193 peregerat,
1102 2105 1321 2170 teneri
1370 2104 1458 2170 ad
1505 2104 2006 2171 restitutionem
2055 2109 2360 2174 omnium
2408 2132 2590 2176 emo-

332 2219 827 2300 lumentorum,
872 2224 1157 2307 excepta
1196 2225 1456 2307 quarta.

419 2338 481 2419 f.
516 2332 593 2398 In
613 2356 747 2398 una
772 2333 1080 2398 Civitatis
1106 2333 1409 2416 Castelli,
1439 2333 1633 2398 Juris
1649 2337 2047 2419 funerandi,
2083 2335 2164 2401 16
2192 2335 2583 2404 feb.1867⁴.

332 2446 411 2512 In
452 2447 579 2513 hac
609 2447 914 2513 decisum
944 2451 1071 2529 est,
1106 2446 1327 2513 adhuc
1363 2445 1562 2514 hodie
1594 2446 1830 2513 fideles
1861 2448 2108 2535 eligere
2146 2433 2347 2538 posse
2379 2452 2589 2517 eccle-

331 2562 503 2627 siam
544 2584 682 2626 non
722 2561 1210 2649 parochialem,
1256 2559 1341 2626 ad
1380 2560 1716 2649 explenda
1765 2560 2000 2626 funera
2041 2586 2195 2645 sua,
2241 2563 2402 2630 licet
2439 2589 2591 2630 cor-

331 2700 463 2766 pus
500 2676 775 2764 sepeliri
813 2674 1057 2741 debeat
1094 2675 1163 2739 in
1204 2675 1552 2741 communi
1579 2675 1992 2758 coemeteriO,
2029 2683 2097 2741 et
2135 2677 2398 2765 rejectae
2429 2687 2590 2773 sunt

332 2790 773 2879 querimoniae
810 2789 1089 2879 parochi
1124 2788 1476 2854 domicilii.

420 2928 493 2991 9‘.
536 2903 617 2969 In
662 2904 1100 2987 Forolivien.,
1154 2904 1348 2969 Juris
1395 2904 1805 2989 funerandi,
1861 2904 1943 2970 16
1997 2911 2171 2994 sept.
2225 2904 2388 2973 1871
2420 2914 2464 2973 ⁵.
2511 2906 2590 2972 In

332 3020 459 3085 hac
524 3018 827 3085 decisum
896 3024 1004 3083 est
1069 3018 1427 3082 ecclesiam
1502 3016 1885 3105 regularem
1949 3018 2166 3084 adhuc
2242 3020 2371 3086 srui
2438 3022 2590 3109 jure

334 3132 729 3213 funerandi;
788 3128 883 3197 ita
939 3138 1015 3196 ut
1069 3130 1155 3196 ad
1212 3131 1360 3219 ejus
1415 3138 1746 3196 rectorem
1809 3140 2069 3219 spectet
2135 3133 2434 3200 officium
2487 3136 2590 3201 fu-

336 3248 545 3313 nebre
589 3268 911 3334 peragere
964 3267 1166 3334 super
1218 3244 1660 3310 cadaveribus
1709 3244 2183 3311 defunctorum
2237 3249 2307 3313 in
2355 3250 2590 3314 eadem

334 3361 725 3452 sepulcrum
777 3359 1192 3448 gentilitium
1245 3359 1674 3442 habentium,
1733 3360 2324 3450 emolumentaque
2377 3364 2592 3450 perci-

384 3500 519 3543 ere.

336 3502 381 3566 P
428 3590 499 3655 Ιι.
546 3590 623 3653 ln
671 3588 1104 3670 Urbinaten„
1149 3587 1471 3671 Funeris,
1520 3587 1601 3652 14
1641 3610 1799 3675 aug.
1849 3587 2018 3655 1875
2039 3590 2083 3655 ὅ.
2130 3587 2208 3653 In
2245 3588 2370 3653 hac
2409 3589 2591 3655 deci-

338 3722 490 3765 sum
530 3705 667 3781 est,
709 3703 787 3763 ut
825 3697 1109 3763 ecclesia
1151 3696 1483 3784 regularis
1512 3696 1666 3784 jure
1697 3696 2051 3763 electionis
2089 3698 2376 3787 passivae
2416 3698 2592 3765 frua-

404 3894 421 3927 ¹
465 3894 802 3951 Thesaurus,
834 3895 874 3941 t.
902 3906 1139 3950 Lxxxwt,
1170 3907 1225 3956 p.
1258 3895 1365 3940 ¹05.

402 3973 426 4007 ²
458 3971 621 4031 lbid„
652 3974 692 4023 t.
724 3986 879 4030 xcm,
910 3986 964 4035 p.
998 3974 1073 4019 14.

402 4050 427 4085 ⁸
456 4050 619 4109 lbid„
651 4053 693 4100 t.
725 4064 915 4109 cxxm,
942 4064 997 4113 p.
1029 4052 1141 4098 ⁴85.

402 4130 425 4163 ⁴
456 4128 621 4188 naid..
651 4132 693 4179 t.
720 4144 907 4188 cxxw,
933 4143 987 4192 p.
1020 4131 1107 4186 82,
1140 4127 1471 4191 prmum-tim,
1502 4142 1557 4191 p.
1589 4130 1676 4185 86,
1708 4131 1732 4187 5
1761 4128 1882 4176 Haec
1910 4129 2055 4177 sunt.

404 4208 428 4243 ⁸
457 4207 621 4268 lbid„
652 4212 693 4258 t.
725 4222 888 4267 cxxx,
921 4223 974 4270 p.
1006 4211 1115 4255 657.

408 4286 431 4321 ⁸
458 4285 621 4347 lbid„
652 4290 693 4337 t.
725 4301 935 4347 cxxxiv,
968 4302 1021 4350 p.
1054 4288 1171 4345 675,
1204 4286 1507 4348 praesertim
1536 4289 1782 4334 678-679.
