3192 5025
622 419 726 472 302
1190 421 1278 470 DE
1316 421 1747 472 COEMETERHS
1786 421 1869 470 ΕΤ
1907 420 2314 472 SEPULTURIS

621 573 1103 631 concesserunt
1173 565 1461 630 liberam
1523 564 1993 650 sepulturam,·
2061 564 2258 647 item,
2319 564 2474 652 jure
2531 566 2878 630 communi

616 679 878 768 (supra,
900 701 967 744 n.
994 679 1209 768 163),
1235 677 1525 744 liberum
1552 684 1658 743 est
1685 678 1928 767 cuique
1953 677 2138 742 fideli
2162 701 2358 743 suam
2382 679 2630 764 eliqere
2649 679 2878 766 aepul-

621 799 851 858 turam
860 811 892 874 ,⁸
928 793 985 857 si
1024 815 1162 860 non
1199 792 1517 881 elegerit,
1560 791 1994 880 sepeliendus
2023 798 2129 856 est
2159 793 2226 856 in
2263 793 2620 878 sepultura
2661 795 2880 878 majo-

620 929 778 972 rum
800 905 901 994 (n.
927 905 1146 995 167).
1166 906 1377 972 Porro
1415 907 1743 996 quaeritur
1778 906 1945 994 quid
1983 907 2474 995 complectatur
2500 905 2618 970 illa
2656 906 2880 992 sepul-

618 1028 774 1085 tura
786 1039 815 1102 ,·
850 1025 1079 1084 utrum
1116 1020 1609 1107 complectatur
1634 1025 1902 1085 tantum
1934 1019 2049 1107 jus
2085 1021 2469 1106 sepeliendi,
2513 1042 2636 1084 seu
2675 1021 2884 1105 depo-

618 1134 821 1198 nendi
875 1156 1119 1220 corpus
1188 1135 1261 1198 in
1310 1142 1525 1216 terra,
1586 1157 1674 1199 an
1754 1133 1960 1198 etiam
2017 1133 2134 1220 jus
2209 1135 2521 1219 officium
2583 1134 2884 1218 funebre

601 1249 983 1335 peraqendi
1045 1270 1255 1334 supra
1312 1271 1559 1334 corpus
1621 1255 1780 1313 ante
1838 1247 2292 1336 sepulturam,
2339 1270 2460 1313 seu
2506 1247 2625 1336 jus
2673 1252 2888 1332 sune-

616 1363 817 1427 randi
830 1381 861 1444 ,⁰
918 1363 1070 1427 aliis
1131 1361 1389 1443 νει-δίε,
1450 1369 1681 1428 utrum
1746 1361 2114 1451 parochuS,
2171 1362 2366 1449 cujus
2423 1361 2886 1449 parochianus

614 1475 866 1541 deserit
895 1476 1251 1542 ecclesiam
1278 1475 1762 1565 parochialem,
1792 1483 1870 1541 ut
1899 1477 1969 1540 in
1999 1476 2129 1541 alia
2159 1474 2486 1564 (regulari
2515 1482 2632 1540 aut
2663 1497 2886 1540 saecu-

615 1589 785 1679 lari)
823 1591 1215 1678 sepeliatur,
1246 1592 1377 1675 jus
1412 1598 1630 1654 servet
1657 1590 2039 1654 adducendi
2075 1611 2321 1674 corpus
2341 1589 2450 1654 sui
2468 1588 2886 1674 parochiani

614 1705 925 1788 defuncti
980 1705 1049 1769 in
1096 1704 1441 1769 ecclesiam
1479 1704 1984 1790 parochialem,
2039 1705 2267 1791 ibique
2315 1705 2624 1789 officium
2674 1707 2885 1788 sune-

616 1818 738 1884 hre
807 1818 1227 1901 celebrandi,
1306 1818 1546 1883 relicta
1624 1818 2017 1882 humatione
2093 1817 2395 1882 ecclesiae
2461 1817 2725 1882 electae.
2798 1854 2887 1864 —

615 1932 907 2012 Quidam
974 1931 1294 1997 dixerunt
1365 1931 1538 1996 illud
1590 1932 1708 2020 jus
1774 1931 2140 2019 sepulturae
2207 1953 2604 1996 concessum
2669 1931 2886 1996 variis

614 2046 950 2128 ecclesii5‚
994 2047 1064 2110 in
1102 2045 1591 2112 detrimentum
1618 2047 1984 2132 sepulturae
2013 2045 2466 2131 parochialis,
2509 2067 2646 2110 non
2691 2069 2885 2111 com-

613 2160 820 2248 plecti
886 2160 1017 2225 nisi
1073 2161 1191 2248 jus
1259 2160 1628 2244 humandi,
1695 2167 1763 2224 et
1837 2159 2118 2247 proinde
2183 2159 2480 2246 parocho
2546 2158 2882 2224 derelicto

612 2296 959 2340 remanere
1012 2273 1131 2361 jus
1192 2275 1504 2360 officium
1564 2275 1892 2359 funebre,
1961 2297 2083 2339 seu
2145 2279 2431 2359 funera,
2487 2273 2884 2338 celebrandi

614 2412 818 2477 supra
878 2410 1148 2476 corpuS.
1213 2387 1315 2452 Ita
1368 2388 1706 2476 praecipue
1765 2410 1900 2452 van
1963 2387 2189 2475 Espen
2245 2394 2313 2452 et
2366 2386 2702 2468 Pichler¹‚
2765 2386 2882 2474 qui

615 2503 881 2570 duobus
939 2503 1373 2593 potissimum
1434 2503 1747 2568 nituntur
1799 2501 2261 2590 argumentis:
2323 2504 2382 2567 1.
2437 2501 2513 2566 ln
2557 2524 2666 2583 se,
2735 2500 2879 2566 haec

615 2620 749 2684 duo
793 2619 981 2706 jura,
1040 2640 1283 2706 nempe
1327 2618 1690 2703 sepeliendi
1749 2622 1819 2681 et
1875 2616 2186 2701 officium
2234 2616 2651 2699 celebrandi,
2715 2622 2880 2680 sunt

612 2734 813 2820 plane
854 2732 1205 2813 distincta,
1242 2737 1319 2797 ut
1356 2737 1577 2818 patet;
1625 2753 1779 2795 cum
1819 2752 1980 2816 ergo
2020 2730 2325 2795 ecclesiis
2354 2728 2470 2816 jus
2508 2730 2880 2815 sepeliendi

614 2864 735 2906 seu
782 2842 994 2908 libera
1049 2844 1401 2929 sepultura
1460 2842 1903 2926 concedatur,
1948 2850 2017 2908 et
2071 2843 2199 2908 hoc
2255 2847 2496 2931 vergat
2544 2843 2616 2907 in
2663 2864 2876 2929 grave

615 2956 1098 3022 detrimentum
1144 2957 1513 3044 parochiiS‚
1569 2957 1803 3023 stricte
1850 2956 2144 3045 intelligi
2191 2954 2426 3038 debet,
2470 2962 2539 3021 et
2584 2956 2875 3044 proinde

613 3069 697 3134 dc
736 3070 881 3135 solo
911 3071 1063 3158 jure
1102 3071 1459 3151 humandi;
1504 3111 1594 3121 —
1633 3072 1697 3137 2.
1743 3070 1821 3135 In
1869 3070 2248 3158 privilegiis
2287 3070 2683 3159 apostolicis
2719 3069 2874 3159 qui-

612 3184 741 3250 bus
798 3186 1191 3251 conceditur
1244 3186 1548 3252 ecclesiis
1596 3185 2020 3273 regularibus
2051 3185 2169 3274 jus
2225 3186 2634 3274 sepulturae,
2693 3185 2874 3249 solet

611 3299 770 3364 addi
835 3298 1137 3364 clausula
1185 3318 1201 3365 ε
1262 3326 1294 3359 «
1356 3299 1558 3365 Salva
1607 3300 1890 3387 justitia
1946 3300 2228 3365 illarum
2298 3298 2771 3381 ecclesiarum,
2834 3320 2869 3361 a

611 3415 863 3501 quihus
896 3421 1327 3478 mortuorum
1366 3437 1651 3500 corpora
1691 3422 2162 3497 assumuntur,
2204 3420 2344 3478 »ut
2371 3420 2562 3501 patet
2601 3436 2686 3478 ex
2719 3413 2868 3500 ipso

612 3534 845 3592 tenore
918 3526 1161 3592 horum
1232 3527 1746 3615 privilegiorum
1765 3531 1810 3608 ²,
1894 3534 1962 3592 et
2026 3534 2104 3591 ut
2179 3527 2421 3592 asserit
2493 3528 2640 3614 ipse
2709 3526 2868 3593 Cle-

612 3662 805 3706 mens
846 3640 966 3720 lIl‚
1012 3664 1159 3728 cap.
1206 3642 1608 3726 Certisicari,
1655 3640 1719 3720 9,
1767 3642 1868 3705 DE
1898 3660 2307 3720 savarum&
2353 3664 2552 3728 porro
2578 3640 2862 3727 justitia

672 3842 690 3876 ¹
728 3842 847 3890 Van
878 3842 1075 3904 Espen,
1104 3842 1204 3891 lus
1234 3841 1657 3891 ecclesiasticum
1689 3842 1854 3899 univ„
1879 3846 2018 3904 part.
2053 3858 2115 3900 u,
2146 3843 2234 3892 tit.
2266 3857 2482 3901 xxxviii,
2515 3841 2590 3892 De
2619 3842 2864 3905 sepultu-

610 3921 715 3980 ris,
748 3924 867 3971 toto
896 3922 1076 3984 capite
1101 3936 1153 3980 ν,
1186 3920 1423 3969 Coloniae
1453 3920 1796 3983 Agrippinae,
1829 3925 1978 3979 1702,
2011 3936 2064 3984 p.
2093 3926 2183 3969 726
2214 3934 2324 3984 sq.;
2352 3948 2406 3957 -
2431 3920 2662 3979 Pichler,
2689 3921 2744 3968 in
2775 3921 2860 3969 tit.

608 4002 685 4050 De
713 3999 931 4064 sepult„
964 4014 1016 4047 n.
1048 4002 1167 4048 4-5.

670 4078 694 4113 ²
726 4079 928 4127 Videas
964 4078 1307 4142 privilegium
1346 4078 1645 4135 Mineruam,
1682 4092 1712 4125 a
1742 4078 2019 4127 Clemente
2049 4076 2126 4125 1v
2155 4092 2500 4135 concessum,
2532 4078 2586 4125 in
2617 4076 2756 4126 sixti
2785 4076 2856 4124 lv

608 4157 759 4205 bulla
796 4155 1094 4221 Βεςίηιίηἰ,
1136 4163 1192 4206 31
1234 4159 1344 4207 oct.
1383 4159 1533 4213 1⁴74.
1573 4160 1599 4217 5
1639 4160 1725 4215 273
1765 4156 2077 4206 Bullarium
2115 4156 2411 4214 Minor-um,
2455 4156 2668 4213 Romae,
2705 4159 2855 4209 1750.

610 4240 647 4284 t.
683 4250 761 4294 vi,
794 4250 848 4297 p.
880 4238 988 4284 175.
