3192 5025
576 479 678 532 152
1462 483 1550 532 DE
1586 483 1944 536 ORATORllS

574 635 765 694 actus
818 633 1105 690 tantum.
1160 653 1190 686 υ
1256 626 1449 692 Unde
1510 627 1866 715 pristinam
1929 630 2358 695 severitatem
2420 627 2836 716 temperavit

578 742 648 807 S.
704 742 983 827 Congr.,
1037 748 1105 805 et
1151 741 1501 827 praefatam
1549 741 1902 808 doctorum
1951 743 2339 832 opinionem
2387 742 2650 808 calculo
2705 763 2832 806 suo

578 855 773 942 quasi
810 853 1229 942 approbavit.

668 1100 803 1169 82.
832 1137 916 1149 —
946 1100 1347 1176 Quaeritur
1376 1119 1398 1168 ε
1442 1098 1787 1176 Quatenus
1818 1101 2050 1166 relicta
2077 1103 2165 1166 sit
2193 1103 2514 1186 episcopis
2531 1107 2842 1186 potestas

578 1215 977 1279 concedendi
1010 1213 1411 1298 facultatem
1448 1215 1834 1280 celebrandi
1875 1217 1946 1280 in
1981 1216 2298 1281 oratoriis
2332 1216 2738 1279 domesticis.

668 1329 893 1415 Hesp„
978 1351 1117 1416 prae
1209 1328 1423 1394 oculis
1514 1329 1744 1395 habita
1839 1329 1964 1395 hac
2055 1331 2298 1394 ultima
2389 1330 2842 1417 responsione

580 1443 650 1508 S.
696 1443 946 1530 Congr.
993 1442 1201 1509 Cone.
1244 1463 1261 1508 τ

672 1555 741 1619 10
770 1557 862 1624 Ut
895 1557 1252 1647 episcopus
1290 1559 1619 1624 concedat
1656 1559 2008 1648 praefatam
2047 1559 2476 1640 facultatem,
2515 1579 2658 1622 non
2697 1555 2846 1623 suf-

580 1671 720 1735 ficit
746 1693 947 1736 causa
986 1671 1191 1737 etiam
1231 1695 1381 1760 quae
1419 1673 1669 1738 dicitur
1702 1675 1955 1759 qravis,
1988 1672 2109 1738 sed
2147 1673 2586 1760 requiruntur
2623 1693 2844 1737 causae

582 1808 840 1870 maqnae
906 1792 975 1850 et
1042 1795 1390 1872 urqentes,
1462 1810 1612 1873 quae
1678 1786 1882 1852 verba
1947 1786 2022 1852 S.
2093 1785 2548 1873 Congregatio
2619 1784 2839 1850 Conc.

580 1905 887 1964 mutuata
948 1907 1054 1964 est
1112 1923 1153 1965 a
1210 1923 1397 1965 conc.
1470 1923 1662 1988 prov.
1740 1899 2236 1966 Mediolanensi
2299 1899 2415 1981 lv,
2489 1905 2568 1963 ut
2633 1921 2848 1986 supra

582 2017 891 2076 notatum
944 2021 1049 2078 est
1102 2013 1205 2101 (p.
1254 2013 1405 2096 148,
1460 2021 1604 2080 not.
1652 2016 1743 2104 1).
1809 2013 2136 2092 Quaenam
2193 2013 2333 2078 sint
2387 2012 2524 2076 illae
2577 2035 2842 2092 causae,

581 2124 853 2190 difficile
902 2133 1007 2190 est
1053 2127 1389 2194 aestimare
1426 2147 1440 2194 :
1490 2155 1521 2188 «
1555 2127 1794 2217 Neque
1832 2126 2030 2192 nobis
2067 2127 2267 2216 ipsiS,
2321 2126 2416 2192 ait
2454 2126 2778 2191 Gatticus
2797 2129 2846 2208 ¹,

583 2245 850 2303 tantum
890 2262 1308 2327 arrogamuS,
1340 2249 1417 2307 ut
1454 2242 1777 2308 idoneum
1808 2243 1980 2308 ferre
2019 2242 2362 2330 possimus
2391 2240 2476 2306 de
2505 2241 2850 2327 gravitate

584 2376 937 2418 causarum
990 2353 1359 2442 judicium,
1426 2357 1614 2442 quod
1673 2381 1712 2422 a
1764 2357 2225 2444 prudentibus
2275 2356 2454 2440 peti,
2515 2361 2586 2420 et
2627 2356 2854 2440 juxta

588 2469 977 2535 varietatem
1052 2471 1726 2536 circumstantiarum
1801 2479 2026 2536 exacte
2090 2470 2467 2556 ponderari
2539 2469 2764 2534 dehet.
2815 2495 2848 2531 >1

590 2582 712 2645 Hae
760 2589 987 2649 autem
1034 2584 1594 2668 circumstantiae‚
1637 2593 1716 2651 ut
1755 2586 1956 2674 paulo
2003 2608 2205 2673 supra
2259 2588 2612 2648 notaverat
2664 2580 2856 2647 idem

589 2695 935 2780 GatticuS,
979 2706 1140 2763 sunt
1176 2699 1289 2763 vel
1330 2702 1655 2786 reqionis,
1698 2700 1766 2763 in
1806 2722 1938 2788 qua
1977 2721 2201 2763 mores
2239 2697 2366 2763 hoc
2404 2694 2488 2761 ab
2528 2695 2856 2783 episcopo

592 2810 975 2896 requirunt,
1029 2812 1207 2898 quod
1260 2812 1421 2877 alibi
1474 2836 1609 2877 non
1667 2814 2150 2902 requireretur,
2200 2811 2310 2877 vel
2361 2811 2684 2896 temporis
2733 2815 2861 2874 aut

588 2925 979 3008 provinciae,
1038 2926 1107 2989 in
1154 2927 1401 3014 quibus
1449 2928 1748 2993 severior
1794 2934 2105 2992 servatur
2154 2926 2427 2991 concilii
2471 2924 2862 2989 Tridentini

597 3036 1087 3125 interpretatio,
1125 3040 1383 3107 Forsan
1420 3042 1730 3129 pluribus
1761 3040 2174 3106 videbuntur
2209 3047 2535 3128 urgentes
2573 3062 2803 3103 causae
2839 3056 2855 3103 ε

601 3151 772 3216 ratio
843 3154 1273 3219 ministrandi
1342 3156 1611 3220 infirmo
1676 3155 2033 3236 viaticum,
2103 3154 2282 3242 quod
2349 3153 2652 3240 alioquin
2719 3174 2862 3216 non

604 3274 866 3353 posset,
922 3267 1035 3333 vel
1089 3292 1223 3333 non
1282 3270 1427 3334 sine
1485 3271 1782 3335 maxima
1843 3268 2272 3349 difficultate,
2331 3268 2394 3333 ei
2444 3266 2728 3345 deferri3
2779 3304 2870 3317 —

607 3382 834 3466 gravis
872 3382 1228 3449 infirmitas
1265 3383 1395 3448 viri
1433 3384 1707 3467 nobilis,
1741 3384 1997 3472 optime
2027 3384 2110 3449 de
2151 3381 2437 3448 ecclesia
2476 3378 2740 3455 meriti;
2778 3416 2874 3428 —-

610 3496 780 3560 ratio
832 3496 1220 3564 celebrandi
1282 3498 1351 3562 in
1403 3498 1605 3563 domo
1668 3498 2058 3586 hujusmodi
2111 3496 2241 3563 viri
2293 3495 2628 3577 defuncti,
2685 3516 2870 3581 prae-

612 3618 804 3675 sente
842 3612 1202 3694 cadavere,
1247 3620 1375 3678 etc.

702 3722 775 3787 20
820 3725 1026 3792 Juxta
1082 3727 1448 3814 allegatam
1506 3729 1576 3794 S.
1633 3727 1883 3815 Congr.
1942 3725 2384 3805 decisionem,
2445 3744 2584 3786 non
2639 3725 2874 3808 potest

618 3838 816 3903 hodie
878 3840 1233 3930 episcopus
1280 3841 1628 3929 praefatam
1677 3841 2072 3907 facultatem
2119 3838 2518 3918 concedere,
2575 3835 2702 3899 nisi
2740 3856 2876 3919 per

622 3954 901 4019 modum
954 3962 1184 4040 actus‚·
1232 3955 1409 4020 hanc
1460 3956 1871 4021 locutionem
1925 3954 1998 4021 S.
2053 3951 2507 4039 Congregatio
2560 3955 2876 4014 mutuata

620 4075 725 4133 est
772 4092 809 4133 a
856 4068 1276 4151 doctoribuS‚
1320 4070 1437 4158 qui
1484 4069 1672 4135 illam
1719 4069 1975 4156 passim
2021 4067 2372 4153 hucusque
2419 4061 2872 4144 adhibebant,

684 4299 701 4333 ¹
738 4302 859 4350 Loc.
883 4300 995 4359 cit„
1024 4315 1075 4347 n.
1110 4304 1185 4347 10.
