3192 5025
663 503 772 556 260
1237 506 1325 556 DE
1362 505 1795 556 COEMETERIIS
1834 505 1919 556 ΕΤ
1956 503 2365 558 SEPULTURIS

756 650 828 714 60
869 647 1216 726 Quaeritur
1262 673 1430 713 num
1465 649 1837 735 Requlares
1877 651 2269 715 renuntiare
2305 650 2571 736 possint
2618 649 2717 713 illi
2746 649 2875 734 juri

665 763 1026 849 recipiendi
1059 763 1293 848 fideles
1337 765 1428 828 ad
1471 765 1919 849 sepulturam.
1963 801 2053 812 —
2099 763 2310 828 Porro
2358 762 2877 849 distinguendum

659 883 766 942 est
801 897 816 942 ε

755 994 816 1058 1.
861 991 933 1057 Si
983 998 1225 1077 agatur
1276 989 1360 1055 de
1407 1000 1734 1055 conventu
1770 993 1930 1077 jam
1980 993 2310 1077 fundam,
2362 991 2735 1079 Regulares
2780 1013 2882 1054 suo

649 1105 789 1192 juri
837 1105 1206 1193 sepulturae
1252 1104 1641 1170 renuntiare
1690 1127 1828 1170 non
1874 1112 2193 1192 possunt,
2236 1105 2370 1170 nisi
2416 1105 2705 1170 servatis
2738 1103 2885 1189 legi-

661 1216 787 1284 bus
853 1218 936 1284 de
1001 1219 1410 1284 alienatione
1480 1241 1709 1284 rerum
1784 1219 2430 1302 ecclesiasticarum,
2501 1226 2570 1284 et
2629 1217 2887 1308 proinde

659 1332 939 1399 obtento
990 1332 1417 1422 beneplacito
1468 1332 1869 1420 apostolico,
1910 1372 2002 1382 —
2054 1333 2253 1399 Ratio
2306 1341 2413 1399 est
2464 1332 2657 1422 quia,
2704 1331 2890 1397 semel

659 1446 940 1512 fundato
979 1452 1355 1529 conventu,
1391 1445 1510 1533 jus
1547 1445 2007 1534 Regularibus
2052 1446 2417 1535 quaesitum
2456 1453 2559 1512 est
2612 1446 2711 1535 (vi
2754 1469 2885 1534 cap.

657 1561 974 1648 Dudum)
1031 1559 1439 1626 admittendi
1503 1559 1739 1626 fideles
1808 1560 1895 1625 ad
1960 1560 2413 1648 sepulturam;
2475 1584 2713 1647 porro,
2764 1561 2891 1624 sine

656 1675 798 1740 ullo
857 1673 1096 1756 dubio,
1151 1675 1278 1740 hoe
1318 1674 1435 1763 jus
1497 1674 1989 1740 recensendum
2047 1681 2153 1739 est
2210 1675 2387 1740 inter
2446 1699 2551 1740 res
2606 1675 2893 1740 ecclesia-

652 1790 876 1854 sticas.

743 1902 807 1967 2.
861 1901 934 1967 Si
989 1908 1233 1987 agatur
1290 1900 1374 1966 de
1437 1902 1578 1986 ipsa
1625 1902 2031 1986 fundatione
2086 1909 2481 1983 conventus,
2536 1901 2896 1990 Regulares

652 2022 941 2104 possunt
979 2038 1104 2080 suo
1133 2014 1278 2100 juri
1319 2015 1731 2096 renuntiare,
1765 2014 2070 2080 faciendo
2098 2023 2382 2102 pactum
2421 2039 2577 2080 cum
2613 2015 2897 2104 parocho

651 2130 759 2195 vel
797 2128 1107 2216 parochis
1143 2127 1299 2194 loci.
1365 2127 1465 2216 -ζ
1511 2127 1713 2194 Ratio
1770 2135 1875 2194 est
1920 2130 2117 2218 quia,
2162 2128 2617 2195 abstrahendo
2668 2153 2705 2195 a
2743 2129 2901 2215 legi-

648 2244 778 2308 bus
815 2243 898 2308 de
939 2243 1344 2308 alienatione
1392 2264 1621 2307 rerum
1660 2241 2309 2325 ecclesiasticarum,
2353 2250 2629 2331 paetum
2669 2243 2901 2332 praedi-

647 2366 836 2424 etum
872 2357 1150 2422 omnino
1199 2356 1464 2421 licitum
1503 2363 1613 2421 est
1650 2363 1720 2421 et
1756 2355 2093 2438 validum,
2138 2363 2215 2422 ut
2262 2364 2531 2422 constat
2576 2381 2728 2445 cap.
2782 2359 2902 2421 Pa-

646 2482 864 2557 ctum,
913 2474 987 2552 1,
1035 2470 1138 2536 DE
1185 2491 1429 2553 ncne,
1481 2470 1552 2535 in
1600 2468 1743 2538 VI:
1804 2497 1836 2531 «
1882 2470 2169 2537 Pactum
2218 2494 2372 2537 cum
2410 2478 2669 2538 rectore
2709 2495 2903 2562 paro-

645 2587 885 2652 chialis
951 2585 1252 2651 ecelesia}
1314 2584 1570 2650 factum
1640 2608 1681 2649 a
1745 2584 1974 2667 vobi5‚
2035 2609 2121 2651 ne
2182 2585 2450 2674 aliquos
2513 2586 2627 2651 vel
2686 2596 2907 2652 certos

645 2702 860 2791 ipsius
898 2699 1199 2766 ecclesia}
1236 2698 1685 2788 parochianos
1724 2700 2065 2786 recipiatis
2112 2698 2199 2765 ad
2235 2700 2657 2789 sepulturam
2698 2700 2906 2767 eecle-

647 2816 1020 2896 siasticam,
1074 2814 1348 2879 omnino
1396 2835 1664 2878 servare
1711 2813 1996 2896 dehetis,
2051 2820 2179 2879 etc.
2240 2841 2274 2876 »
2320 2852 2413 2865 —
2448 2814 2588 2881 Nec
2628 2815 2909 2881 obstant

644 2930 832 3016 leges
857 2928 942 2993 de
979 2925 1387 2992 alienatione
1425 2949 1651 2992 rerum
1690 2927 2333 3007 ecclesiasticarum3
2378 2952 2535 2993 nam
2576 2928 2681 2992 ha».
2718 2931 2909 3016 leges

646 3042 1018 3129 respiciunt
1057 3043 1186 3127 jus
1237 3042 1633 3127 quaesitum,
1692 3062 1829 3104 non
1881 3064 2043 3105 vero
2083 3044 2213 3128 jus
2257 3043 2778 3129 acquirendum.
2824 3082 2909 3092 —

647 3158 788 3223 Nec
827 3156 1090 3221 dicatur
1117 3153 1478 3243 praefatum
1505 3153 1940 3242 privilegium
1977 3156 2101 3219 coti
2123 3154 2367 3221 ordini
2394 3156 2601 3222 fuisse
2630 3180 2910 3223 eonces-

647 3294 831 3352 sum,
874 3277 944 3336 et
973 3269 1122 3334 ideo
1161 3268 1470 3357 singulos
1508 3274 1890 3333 conventus
1927 3292 2068 3333 non
2104 3292 2307 3358 posse
2344 3270 2445 3335 illi
2480 3272 2905 3349 renuntiare;

647 3408 804 3451 nam
843 3382 1257 3449 contrarium
1297 3389 1580 3470 apparet
1619 3404 1703 3446 ex
1738 3382 1855 3447 cit.
1900 3404 2049 3471 cap.
2093 3383 2382 3449 Pactum
2405 3388 2449 3451 ¹.

739 3499 803 3565 3.
849 3496 1027 3579 Im0‚
1059 3497 1231 3583 jure
1274 3496 1653 3579 communi,
1695 3502 1972 3583 pactum
2012 3495 2182 3561 illud
2229 3496 2530 3563 validum
2570 3504 2705 3579 est,
2757 3499 2911 3564 licet

652 3634 784 3676 non
825 3611 1226 3676 interveniat
1267 3610 1533 3674 licentia
1573 3610 2019 3674 Prouincialis
2056 3618 2177 3674 aut
2218 3611 2560 3677 Generalis
2600 3612 2904 3677 Ordinis.

648 3764 738 3775 —
769 3725 1057 3792 Constat
1087 3723 1265 3789 clare
1305 3747 1452 3811 cap.
1491 3722 1688 3806 Quia,
1726 3723 1791 3804 3,
1828 3724 1930 3788 DE
1967 3743 2203 3804 mens,
2239 3724 2310 3788 in
2331 3724 2451 3806 VI,
2484 3724 2603 3789 ubi
2630 3726 2911 3792 Bonisa-

652 3840 796 3903 eius
836 3837 999 3903 VIII
1038 3836 1108 3901 id
1145 3859 1466 3925 expresse
1505 3836 1737 3901 tradit.
1780 3874 1871 3886 —
1918 3836 2085 3902 Dico
2111 3838 2283 3923 jure
2322 3840 2703 3923 communi‚·
2742 3864 2911 3905 nam

650 3954 720 4017 in
768 3949 1176 4041 quibusdam
1217 3949 1586 4017 Ordinibus
1632 3950 1990 4038 privilegia
2038 3950 2356 4038 specialia
2403 3952 2915 4041 derogaverunt

716 4162 734 4196 ¹
770 4163 854 4212 Ita
879 4160 1256 4210 difficultatem
1292 4160 1517 4209 solvunt
1552 4160 1743 4219 Petra,
1775 4160 1879 4211 loc.
1910 4160 2025 4221 cit„
2066 4178 2123 4213 n.
2160 4166 2351 4223 20-24;
2394 4190 2451 4200 —
2490 4163 2813 4227 Schmalzg„
2856 4166 2911 4214 in

651 4241 738 4291 tit.
769 4241 845 4290 De
880 4238 1210 4305 sepulturis,
1249 4253 1304 4287 n.
1343 4242 1404 4298 83
1433 4264 1490 4276 -·
1520 4238 1900 4299 Matthoeucci‚
1936 4238 2200 4304 Officialis
2231 4240 2401 4291 curiae
2436 4242 2586 4299 eccl„
2620 4256 2669 4290 c.
2706 4257 2908 4299 :tm-111,

651 4334 704 4367 n.
731 4324 786 4379 2,
815 4318 1086 4375 Venetus,
1119 4320 1260 4376 1717,
1289 4331 1344 4379 p.
1375 4321 1494 4377 ³⁷⁰3
1525 4342 1589 4357 —·
1618 4316 1885 4377 Ferraria,
1918 4326 1979 4365 v⁰
2005 4316 2331 4383 Sepultura,
2356 4334 2409 4370 n.
2440 4322 2677 4369 1⁴2-145.
2743 4364 2751 4373 ,
