3192 5025
350 509 548 561 CIRCA
587 507 808 561 LOCUM
848 509 916 558 IN
957 508 1090 569 QUO
1131 507 1421 568 QUISQUE
1459 507 1717 558 FIDELIS
1756 507 2062 558 SEPELIRI
2102 507 2357 558 DEBEAT
2430 506 2535 558 275

371 654 564 724 168.
603 691 694 704 -
729 653 1109 739 Exceptio
1145 670 1293 739 pro
1331 669 1606 718 uxore.
1636 688 1725 700 —
1773 649 1964 715 Uxor
1998 651 2373 736 sepelienda
2412 661 2532 737 est,

279 791 416 834 non
463 771 533 833 in
569 768 878 854 sepulcro
919 767 1269 853 majorum
1305 787 1615 848 suorum,
1658 765 1775 829 sed
1814 767 1884 829 in
1920 765 2227 850 sepulcro
2269 768 2533 852 mariti,

277 891 378 966 et,
421 883 480 948 si
509 883 747 968 plures
788 881 1138 962 habuerit,
1185 881 1254 943 in
1300 878 1609 964 sepulcro
1652 879 1878 943 ultimi
1923 880 2175 944 mariti.
2226 919 2313 930 —-
2367 881 2541 946 Con-

280 1002 426 1062 stat
463 1020 612 1084 cap.
656 995 726 1060 Is
763 995 920 1081 qui,
965 994 1040 1074 3,
1088 993 1189 1058 DE
1228 1013 1642 1074 SEPULTURIS,
1687 993 1757 1056 in
1787 991 1914 1074 VI,
1951 993 2018 1057 in
2059 1015 2195 1080 quo
2236 993 2487 1060 dicitur
2520 1013 2535 1060 ε

287 1139 320 1171 «
383 1110 634 1176 Mulier
687 1116 919 1174 autem
980 1131 1130 1196 quae
1197 1106 1426 1195 plures
1481 1107 1665 1172 viros
1724 1105 1962 1172 habuit
2015 1109 2430 1191 successive,
2485 1112 2541 1175 si

281 1225 711 1312 sepulturam
749 1245 886 1287 non
935 1222 1177 1310 eligat,
1231 1228 1336 1287 est
1373 1245 1529 1286 cum
1577 1222 1721 1285 viro
1773 1220 2047 1306 ultimo,
2090 1225 2291 1309 cujus
2328 1225 2545 1290 domi-

282 1340 524 1404 cilium
564 1339 807 1403 retinet
844 1345 910 1401 et
949 1337 1308 1420 honorem,
1355 1337 1783 1401 tumulanda.
1835 1363 1867 1397 »
1918 1335 2116 1415 Quod
2158 1339 2545 1406 Bonifacius

287 1453 532 1520 statuit
571 1451 1008 1517 conformiter
1045 1451 1130 1514 ad
1169 1455 1473 1516 veterem
1521 1473 1755 1530 usum,
1790 1450 1860 1515 vi
1908 1451 2097 1539 cujus
2138 1480 2171 1512 «
2224 1473 2546 1542 unaquoe'-

287 1590 422 1656 que
486 1567 734 1633 mulier
790 1571 1116 1654 sequatur
1179 1565 1402 1629 virum
1469 1587 1670 1630 suum
1722 1565 1865 1629 sive
1924 1565 1993 1628 in
2045 1566 2221 1648 vita,
2280 1567 2423 1633 sive
2479 1571 2547 1633 in

293 1689 510 1747 morte
562 1709 632 1761 »,
684 1687 762 1746 ut
807 1680 1057 1744 dicitur
1113 1678 1182 1743 in
1238 1701 1387 1744 can.
1455 1679 1924 1766 Unaquaeque,
1980 1680 2053 1763 3,
2106 1704 2292 1747 caus,
2348 1681 2544 1763 XIII,

291 1819 363 1884 q.
397 1817 442 1860 11
467 1800 510 1861 ¹.
556 1794 657 1859 De
687 1817 822 1882 quo
861 1794 989 1858 hoc
1025 1792 1324 1858 notanda
1361 1811 1376 1858 ε

387 1913 448 1974 ’1.
485 1907 906 1998 Supponitur
943 1929 1226 1972 uxorem
1265 1928 1403 1970 non
1443 1905 1733 1994 elegisse
1772 1907 2228 1995 sepulturam,
2254 1917 2331 1977 ut
2361 1918 2550 1999 patet

293 2046 615 2112 expresse
655 2045 803 2111 cap.
848 2021 917 2087 Is
956 2021 1102 2108 qui.

386 2139 451 2203 2.
494 2137 686 2203 Uxor
714 2137 832 2222 jus
872 2135 1076 2200 habet
1113 2141 1189 2200 ut
1239 2134 1609 2223 sepeliatur
1646 2134 1716 2199 in
1766 2135 2077 2223 sepulcro
2117 2137 2376 2220 mariti,
2424 2141 2552 2207 nisi

293 2257 340 2339 s
337 2253 516 2317 uerit
546 2251 632 2316 ol)
661 2250 1080 2314 adulterium
1107 2257 1418 2333 separata
1447 2257 1511 2312 et
1543 2271 1677 2313 non
1718 2251 2183 2335 reconciliata;
2212 2251 2339 2317 hoc
2369 2255 2553 2319 enim

298 2365 430 2431 sibi
477 2365 723 2429 volunt
770 2363 912 2428 haec
959 2361 1168 2427 verba
1218 2361 1546 2427 Bonifacii
1593 2362 1766 2446 cit.,:
1814 2389 1845 2423 «
1892 2363 2084 2452 cujus
2131 2366 2553 2433 domicilium

296 2479 550 2547 retinet
585 2483 654 2544 et
693 2478 1018 2542 honorem
1046 2477 1090 2543 ².
1138 2502 1170 2538 »

388 2595 455 2661 3.
517 2592 706 2659 Uxor
751 2592 868 2679 jus
923 2590 1105 2656 idem
1160 2598 1421 2672 servat,
1486 2591 1680 2673 licet,
1738 2599 1894 2680 post
1949 2594 2174 2659 mariti
2228 2602 2550 2678 mortem,

295 2708 506 2797 hujus
545 2705 966 2771 domicilium
998 2704 1346 2793 reliquerit
1374 2711 1443 2769 et
1480 2704 1550 2767 in
1582 2703 1859 2769 domum
1897 2712 2248 2793 paternam
2288 2732 2555 2776 reversa

299 2823 540 2901 fuerit;
582 2828 750 2885 tunc
779 2820 961 2885 enim
1000 2819 1248 2884 retinet
1290 2820 1615 2883 honorem
1656 2818 1914 2901 mariti,
1950 2820 2110 2887 licet
2149 2845 2284 2887 non
2325 2824 2555 2891 stricte

301 2934 749 3003 domicilium.

393 3050 458 3115 4.
513 3048 916 3130 Sepulcrum
966 3045 1223 3127 mariti,
1269 3047 1351 3110 de
1399 3067 1531 3133 quo
1579 3044 1689 3110 hic
1728 3046 1973 3134 agitur,
2020 3056 2127 3113 est
2172 3052 2555 3140 sepulcrum

303 3163 491 3252 quod
527 3163 672 3251 ipse
711 3160 997 3226 maritus
1035 3159 1243 3246 elegit
1288 3160 1420 3224 sihi
1465 3160 1772 3246 suisque,
1816 3161 1959 3244 vel,
2004 3162 2205 3251 hujus
2251 3165 2551 3248 defectu,

301 3277 697 3363 sepulcrum
737 3276 1086 3361 majorum
1125 3273 1372 3340 mariti.

398 3487 590 3557 169.
631 3524 720 3535 -
758 3484 1191 3554 scholium.
1231 3522 1320 3532 ——-
1357 3484 1599 3549 Plures
1635 3484 1896 3568 dicunt,
1941 3486 2119 3554 sicut
2154 3511 2327 3553 uxor
2365 3514 2559 3580 sepe-

304 3602 534 3669 lienda
571 3608 676 3666 est
722 3600 792 3664 in
841 3598 1152 3687 sepulcro
1201 3598 1458 3681 mariti,
1503 3599 1597 3663 ita
1646 3606 1715 3664 et
1760 3599 1981 3665 virum
2032 3602 2189 3690 (qui
2232 3605 2561 3673 moriatur

307 3740 444 3783 non
485 3715 702 3781 electa
741 3713 1124 3803 sepultura)
1157 3712 1623 3800 sepeliendum
1654 3736 1805 3779 esse
1840 3714 1913 3779 in
1952 3716 2263 3805 sepulcro
2299 3721 2553 3805 uxoriS‚

307 3832 466 3920 quia
494 3850 742 3918 nempe
773 3830 880 3893 vir
907 3835 978 3894 et
1010 3849 1184 3893 uxor·
1213 3834 1374 3893 sunt
1411 3828 1689 3892 termini
1716 3830 2100 3895 correlativi
2122 3830 2166 3897 ³.
2197 3871 2286 3881 —-
2304 3834 2561 3901 Verum

371 4019 386 4052 ¹
426 4018 496 4067 Et
523 4018 580 4065 in
605 4030 723 4066 can.
749 4015 966 4073 Istron,
995 4020 1050 4074 2,
1082 4027 1228 4063 caus,
1267 4013 1421 4074 XIII,
1454 4030 1506 4077 q.
1545 4029 1607 4075 n;
1640 4030 1671 4064 a
1700 4016 1899 4079 quibus
1933 4017 2235 4067 canonibus
2263 4020 2561 4072 referendis

309 4097 587 4154 abstineO,
625 4096 749 4158 quia
790 4096 918 4143 sunt
955 4092 1284 4156 apocryphi3
1316 4094 1615 4143 ostendunt
1653 4097 1833 4143 tamen
1864 4095 1947 4143 sui
1976 4097 2239 4159 temporis
2267 4104 2560 4151 consuetu·-

309 4176 509 4224 dinem.

373 4255 396 4289 ²
429 4251 510 4301 Cf.
541 4250 860 4310 Max-chetti,
894 4248 991 4298 loc.
1025 4248 1137 4307 cit„
1169 4264 1222 4297 n.
1259 4254 1367 4307 177,
1400 4263 1453 4312 p.
1487 4254 1595 4299 247.

376 4332 396 4366 ³
430 4330 515 4379 Ita
541 4328 919 4385 Reiffenstuel‚
960 4329 1013 4376 in
1045 4328 1129 4377 tit.
1173 4327 1248 4375 De
1281 4328 1499 4391 sepult„
1541 4344 1594 4377 n.
1638 4332 1693 4377 24
1734 4344 1843 4392 sq.;
1884 4356 1945 4367 —
1984 4332 2247 4393 Fen-rade,
2279 4344 2340 4381 νο
2377 4337 2567 4401 Sepul—
