<?xml version="1.0" encoding="UTF-8"?>
<!DOCTYPE html PUBLIC "-//W3C//DTD XHTML 1.0 Transitional//EN"
    "http://www.w3.org/TR/xhtml1/DTD/xhtml1-transitional.dtd">
<html xmlns="http://www.w3.org/1999/xhtml" xml:lang="en" lang="en">
 <head>
  <title>
</title>
<meta http-equiv="Content-Type" content="text/html;charset=utf-8" />
  <meta name='ocr-system' content='tesseract 3.04.00' />
  <meta name='ocr-capabilities' content='ocr_page ocr_carea ocr_par ocr_line ocrx_word'/>
</head>
<body>
  <div class='ocr_page' id='page_1' title='image "./praelectionesde02manygoog_0122.png"; bbox 0 0 3192 5025; ppageno 0'>
   <div class='ocr_carea' id='block_1_1' title="bbox 628 485 1985 540">
    <p class='ocr_par' dir='ltr' id='par_1_1' title="bbox 628 485 1985 540">
     <span class='ocr_line' id='line_1_1' title="bbox 628 485 1985 540; baseline 0.001 -1"><span class='ocrx_word' id='word_1_1' title='bbox 628 485 731 539; x_wconf 74' lang='lat'><strong>106</strong></span> <span class='ocrx_word' id='word_1_2' title='bbox 1525 491 1613 540; x_wconf 88' lang='lat' dir='ltr'><strong>DE</strong></span> <span class='ocrx_word' id='word_1_3' title='bbox 1653 487 1985 540; x_wconf 81' lang='lat' dir='ltr'>ECCLESIIS</span> 
     </span>
    </p>
   </div>
   <div class='ocr_carea' id='block_1_2' title="bbox 625 631 2886 948">
    <p class='ocr_par' dir='ltr' id='par_1_2' title="bbox 625 631 2886 948">
     <span class='ocr_line' id='line_1_2' title="bbox 625 631 2886 721; baseline -0.001 -23"><span class='ocrx_word' id='word_1_4' title='bbox 625 633 875 721; x_wconf 90' lang='lat' dir='ltr'><strong>cipem‚</strong></span> <span class='ocrx_word' id='word_1_5' title='bbox 920 634 1305 699; x_wconf 90' lang='lat' dir='ltr'><strong>occidentes</strong></span> <span class='ocrx_word' id='word_1_6' title='bbox 1324 686 1339 715; x_wconf 91' lang='lat'>‚</span> <span class='ocrx_word' id='word_1_7' title='bbox 1396 633 1865 698; x_wconf 79' lang='lat' dir='ltr'><strong>machinantes</strong></span> <span class='ocrx_word' id='word_1_8' title='bbox 1914 633 1981 697; x_wconf 91' lang='lat' dir='ltr'><strong>in</strong></span> <span class='ocrx_word' id='word_1_9' title='bbox 2030 632 2178 720; x_wconf 87' lang='lat' dir='ltr'><strong>ejus</strong></span> <span class='ocrx_word' id='word_1_10' title='bbox 2229 653 2465 697; x_wconf 82' lang='lat' dir='ltr'><strong>necem</strong></span> <span class='ocrx_word' id='word_1_11' title='bbox 2484 683 2498 712; x_wconf 90' lang='lat'><strong>‚</strong></span> <span class='ocrx_word' id='word_1_12' title='bbox 2553 631 2886 696; x_wconf 89' lang='lat' dir='ltr'><strong>mandan-</strong></span> 
     </span>
     <span class='ocr_line' id='line_1_3' title="bbox 627 746 1789 834; baseline 0 -24"><span class='ocrx_word' id='word_1_13' title='bbox 627 753 764 827; x_wconf 83' lang='lat' dir='ltr'><strong>teS,</strong></span> <span class='ocrx_word' id='word_1_14' title='bbox 809 751 969 828; x_wconf 91' lang='lat' dir='ltr'><strong>etc.‚</strong></span> <span class='ocrx_word' id='word_1_15' title='bbox 1012 747 1365 834; x_wconf 81' lang='lat' dir='ltr'><strong>privantur</strong></span> <span class='ocrx_word' id='word_1_16' title='bbox 1394 747 1551 834; x_wconf 88' lang='lat' dir='ltr'><strong>jure</strong></span> <span class='ocrx_word' id='word_1_17' title='bbox 1591 746 1789 834; x_wconf 84' lang='lat' dir='ltr'><strong>asyli.</strong></span> 
     </span>
     <span class='ocr_line' id='line_1_4' title="bbox 715 859 2884 948; baseline 0 -26"><span class='ocrx_word' id='word_1_18' title='bbox 715 860 786 923; x_wconf 81' lang='lat'><strong>70</strong></span> <span class='ocrx_word' id='word_1_19' title='bbox 832 860 1277 946; x_wconf 76' lang='lat' dir='ltr'><strong>Impedientea</strong></span> <span class='ocrx_word' id='word_1_20' title='bbox 1325 883 1404 924; x_wconf 86' lang='lat' dir='ltr'><strong>ne</strong></span> <span class='ocrx_word' id='word_1_21' title='bbox 1441 861 1597 948; x_wconf 72' lang='lat' dir='ltr'><strong>quia</strong></span> <span class='ocrx_word' id='word_1_22' title='bbox 1648 862 1717 924; x_wconf 89' lang='lat' dir='ltr'><strong>in</strong></span> <span class='ocrx_word' id='word_1_23' title='bbox 1763 861 1986 926; x_wconf 85' lang='lat' dir='ltr'><strong>locum</strong></span> <span class='ocrx_word' id='word_1_24' title='bbox 2033 862 2405 924; x_wconf 84' lang='lat' dir='ltr'><strong>immunem</strong></span> <span class='ocrx_word' id='word_1_25' title='bbox 2451 882 2520 924; x_wconf 78' lang='lat' dir='ltr'><strong>se</strong></span> <span class='ocrx_word' id='word_1_26' title='bbox 2573 859 2884 944; x_wconf 77' lang='lat' dir='ltr'><strong>recipiat,</strong></span> 
     </span>
    </p>
   </div>
   <div class='ocr_carea' id='block_1_3' title="bbox 626 971 2890 1040">
    <p class='ocr_par' dir='ltr' id='par_1_3' title="bbox 626 971 2890 1040">
     <span class='ocr_line' id='line_1_5' title="bbox 626 971 2890 1040; baseline 0 -4"><span class='ocrx_word' id='word_1_27' title='bbox 626 972 729 1036; x_wconf 85' lang='lat' dir='ltr'><strong>vel</strong></span> <span class='ocrx_word' id='word_1_28' title='bbox 765 973 1089 1039; x_wconf 83' lang='lat' dir='ltr'><strong>violenter</strong></span> <span class='ocrx_word' id='word_1_29' title='bbox 1124 975 1555 1040; x_wconf 74' lang='lat' dir='ltr'><strong>extrahentes</strong></span> <span class='ocrx_word' id='word_1_30' title='bbox 1609 997 1802 1040; x_wconf 80' lang='lat' dir='ltr'><strong>reum</strong></span> <span class='ocrx_word' id='word_1_31' title='bbox 1851 997 1889 1039; x_wconf 76' lang='lat' dir='ltr'><strong>a</strong></span> <span class='ocrx_word' id='word_1_32' title='bbox 1951 975 2089 1039; x_wconf 86' lang='lat' dir='ltr'><strong>loco</strong></span> <span class='ocrx_word' id='word_1_33' title='bbox 2141 975 2453 1040; x_wconf 82' lang='lat' dir='ltr'><strong>immuni.</strong></span> <span class='ocrx_word' id='word_1_34' title='bbox 2505 1009 2596 1022; x_wconf 89' lang='lat'>—</span> <span class='ocrx_word' id='word_1_35' title='bbox 2646 971 2751 1037; x_wconf 88' lang='lat' dir='ltr'><strong>Ita</strong></span> <span class='ocrx_word' id='word_1_36' title='bbox 2797 995 2890 1037; x_wconf 84' lang='lat' dir='ltr'><strong>ex</strong></span> 
     </span>
    </p>
   </div>
   <div class='ocr_carea' id='block_1_4' title="bbox 622 1085 2892 2525">
    <p class='ocr_par' dir='ltr' id='par_1_4' title="bbox 622 1085 2884 1284">
     <span class='ocr_line' id='line_1_6' title="bbox 622 1085 2884 1172; baseline 0 -22"><span class='ocrx_word' id='word_1_37' title='bbox 622 1085 809 1151; x_wconf 90' lang='lat' dir='ltr'><strong>hulla</strong></span> <span class='ocrx_word' id='word_1_38' title='bbox 854 1088 969 1152; x_wconf 88' lang='lat' dir='ltr'><strong>cit.</strong></span> <span class='ocrx_word' id='word_1_39' title='bbox 1025 1088 1375 1155; x_wconf 86' lang='lat' dir='ltr'><strong>Benedicti</strong></span> <span class='ocrx_word' id='word_1_40' title='bbox 1423 1087 1620 1172; x_wconf 92' lang='lat' dir='ltr'>XIII,</span> <span class='ocrx_word' id='word_1_41' title='bbox 1655 1095 1724 1155; x_wconf 94' lang='lat' dir='ltr'><strong>et</strong></span> <span class='ocrx_word' id='word_1_42' title='bbox 1771 1112 1855 1154; x_wconf 87' lang='lat' dir='ltr'><strong>ex</strong></span> <span class='ocrx_word' id='word_1_43' title='bbox 1892 1087 2081 1153; x_wconf 90' lang='lat' dir='ltr'><strong>bulla</strong></span> <span class='ocrx_word' id='word_1_44' title='bbox 2120 1087 2234 1154; x_wconf 85' lang='lat' dir='ltr'><strong>cit.</strong></span> <span class='ocrx_word' id='word_1_45' title='bbox 2288 1087 2640 1154; x_wconf 79' lang='lat' dir='ltr'><strong>Benedicti</strong></span> <span class='ocrx_word' id='word_1_46' title='bbox 2691 1085 2884 1166; x_wconf 86' lang='lat' dir='ltr'>XIV,</span> 
     </span>
     <span class='ocr_line' id='line_1_7' title="bbox 623 1201 803 1284; baseline 0.017 -21"><span class='ocrx_word' id='word_1_47' title='bbox 623 1203 655 1284; x_wconf 64' lang='grc' dir='ltr'><strong>ἓ</strong></span> <span class='ocrx_word' id='word_1_48' title='bbox 697 1201 803 1267; x_wconf 79' lang='lat'><strong>14.</strong></span> 
     </span>
    </p>

    <p class='ocr_par' dir='ltr' id='par_1_5' title="bbox 626 1313 2892 1630">
     <span class='ocr_line' id='line_1_8' title="bbox 715 1313 2892 1406; baseline -0.001 -26"><span class='ocrx_word' id='word_1_49' title='bbox 715 1314 782 1380; x_wconf 84' lang='lat'><strong>8⁰</strong></span> <span class='ocrx_word' id='word_1_50' title='bbox 812 1313 1016 1398; x_wconf 89' lang='lat' dir='ltr'><strong>Item,</strong></span> <span class='ocrx_word' id='word_1_51' title='bbox 1060 1339 1145 1382; x_wconf 85' lang='lat' dir='ltr'><strong>ex</strong></span> <span class='ocrx_word' id='word_1_52' title='bbox 1183 1317 1330 1383; x_wconf 85' lang='lat' dir='ltr'><strong>ead.</strong></span> <span class='ocrx_word' id='word_1_53' title='bbox 1376 1316 1563 1383; x_wconf 88' lang='lat' dir='ltr'><strong>hulla</strong></span> <span class='ocrx_word' id='word_1_54' title='bbox 1603 1316 1956 1382; x_wconf 80' lang='lat' dir='ltr'><strong>Benedicti</strong></span> <span class='ocrx_word' id='word_1_55' title='bbox 1993 1315 2182 1400; x_wconf 86' lang='lat' dir='ltr'>XIII,</span> <span class='ocrx_word' id='word_1_56' title='bbox 2211 1317 2442 1406; x_wconf 86' lang='lat' dir='ltr'><strong>plures</strong></span> <span class='ocrx_word' id='word_1_57' title='bbox 2479 1315 2892 1401; x_wconf 80' lang='lat' dir='ltr'><strong>delinquen-</strong></span> 
     </span>
     <span class='ocr_line' id='line_1_9' title="bbox 626 1428 2890 1516; baseline -0 -23"><span class='ocrx_word' id='word_1_58' title='bbox 626 1437 719 1494; x_wconf 72' lang='lat' dir='ltr'><strong>tes</strong></span> <span class='ocrx_word' id='word_1_59' title='bbox 758 1431 933 1496; x_wconf 86' lang='lat' dir='ltr'><strong>circa</strong></span> <span class='ocrx_word' id='word_1_60' title='bbox 962 1431 1624 1497; x_wconf 72' lang='lat' dir='ltr'><strong>administrationem</strong></span> <span class='ocrx_word' id='word_1_61' title='bbox 1665 1432 2001 1496; x_wconf 83' lang='lat' dir='ltr'><strong>montium</strong></span> <span class='ocrx_word' id='word_1_62' title='bbox 2033 1433 2311 1516; x_wconf 71' lang='lat' dir='ltr'><strong>pietatis</strong></span> <span class='ocrx_word' id='word_1_63' title='bbox 2321 1481 2344 1516; x_wconf 89' lang='lat'><strong>,</strong></span> <span class='ocrx_word' id='word_1_64' title='bbox 2391 1437 2726 1514; x_wconf 63' lang='lat' dir='ltr'><strong>monetas,</strong></span> <span class='ocrx_word' id='word_1_65' title='bbox 2775 1428 2890 1492; x_wconf 77' lang='lat' dir='ltr'><strong>lit-</strong></span> 
     </span>
     <span class='ocr_line' id='line_1_10' title="bbox 626 1546 1488 1630; baseline 0.005 -22"><span class='ocrx_word' id='word_1_66' title='bbox 626 1552 802 1610; x_wconf 70' lang='lat' dir='ltr'><strong>teras</strong></span> <span class='ocrx_word' id='word_1_67' title='bbox 838 1546 1257 1630; x_wconf 74' lang='lat' dir='ltr'><strong>apostolicas,</strong></span> <span class='ocrx_word' id='word_1_68' title='bbox 1295 1551 1422 1612; x_wconf 89' lang='lat' dir='ltr'><strong>etc.</strong></span> <span class='ocrx_word' id='word_1_69' title='bbox 1444 1550 1488 1612; x_wconf 88' lang='lat'><strong>¹.</strong></span> 
     </span>
    </p>

    <p class='ocr_par' dir='ltr' id='par_1_6' title="bbox 622 1657 2892 2525">
     <span class='ocr_line' id='line_1_11' title="bbox 713 1657 2890 1748; baseline -0.001 -23"><span class='ocrx_word' id='word_1_70' title='bbox 713 1658 781 1725; x_wconf 82' lang='lat'><strong>9⁰</strong></span> <span class='ocrx_word' id='word_1_71' title='bbox 814 1659 1117 1725; x_wconf 86' lang='lat' dir='ltr'><strong>Tandem</strong></span> <span class='ocrx_word' id='word_1_72' title='bbox 1150 1683 1302 1725; x_wconf 75' lang='lat' dir='ltr'><strong>reus</strong></span> <span class='ocrx_word' id='word_1_73' title='bbox 1327 1661 1564 1745; x_wconf 83' lang='lat' dir='ltr'><strong>duelli,</strong></span> <span class='ocrx_word' id='word_1_74' title='bbox 1597 1661 1715 1748; x_wconf 88' lang='lat' dir='ltr'><strong>qui</strong></span> <span class='ocrx_word' id='word_1_75' title='bbox 1755 1687 1788 1721; x_wconf 89' lang='lat'>«</span> <span class='ocrx_word' id='word_1_76' title='bbox 1825 1661 1896 1725; x_wconf 92' lang='lat' dir='ltr'><strong>in</strong></span> <span class='ocrx_word' id='word_1_77' title='bbox 1933 1660 2189 1742; x_wconf 90' lang='lat' dir='ltr'><strong>duello,</strong></span> <span class='ocrx_word' id='word_1_78' title='bbox 2234 1661 2380 1726; x_wconf 81' lang='lat' dir='ltr'><strong>sive</strong></span> <span class='ocrx_word' id='word_1_79' title='bbox 2408 1657 2706 1747; x_wconf 88' lang='lat' dir='ltr'><strong>publice,</strong></span> <span class='ocrx_word' id='word_1_80' title='bbox 2737 1658 2890 1722; x_wconf 82' lang='lat' dir='ltr'><strong>sive</strong></span> 
     </span>
     <span class='ocr_line' id='line_1_12' title="bbox 622 1771 2890 1861; baseline 0 -24"><span class='ocrx_word' id='word_1_81' title='bbox 622 1772 941 1861; x_wconf 86' lang='lat' dir='ltr'><strong>privatim</strong></span> <span class='ocrx_word' id='word_1_82' title='bbox 979 1773 1259 1856; x_wconf 89' lang='lat' dir='ltr'><strong>indicto,</strong></span> <span class='ocrx_word' id='word_1_83' title='bbox 1292 1774 1638 1839; x_wconf 90' lang='lat' dir='ltr'><strong>hominem</strong></span> <span class='ocrx_word' id='word_1_84' title='bbox 1681 1775 2031 1856; x_wconf 89' lang='lat' dir='ltr'><strong>occiderit,</strong></span> <span class='ocrx_word' id='word_1_85' title='bbox 2074 1776 2218 1840; x_wconf 83' lang='lat' dir='ltr'><strong>sive</strong></span> <span class='ocrx_word' id='word_1_86' title='bbox 2256 1774 2364 1839; x_wconf 92' lang='lat' dir='ltr'><strong>hic</strong></span> <span class='ocrx_word' id='word_1_87' title='bbox 2404 1779 2717 1838; x_wconf 86' lang='lat' dir='ltr'><strong>mortuus</strong></span> <span class='ocrx_word' id='word_1_88' title='bbox 2741 1771 2890 1838; x_wconf 87' lang='lat' dir='ltr'><strong>fue—</strong></span> 
     </span>
     <span class='ocr_line' id='line_1_13' title="bbox 622 1886 2890 1972; baseline 0 -22"><span class='ocrx_word' id='word_1_89' title='bbox 622 1887 712 1951; x_wconf 85' lang='lat' dir='ltr'><strong>rit</strong></span> <span class='ocrx_word' id='word_1_90' title='bbox 750 1886 819 1950; x_wconf 92' lang='lat' dir='ltr'><strong>in</strong></span> <span class='ocrx_word' id='word_1_91' title='bbox 856 1887 1007 1952; x_wconf 91' lang='lat' dir='ltr'><strong>loco</strong></span> <span class='ocrx_word' id='word_1_92' title='bbox 1047 1889 1437 1972; x_wconf 80' lang='lat' dir='ltr'><strong>conflictuS,</strong></span> <span class='ocrx_word' id='word_1_93' title='bbox 1472 1890 1616 1955; x_wconf 85' lang='lat' dir='ltr'><strong>sive</strong></span> <span class='ocrx_word' id='word_1_94' title='bbox 1654 1897 1846 1955; x_wconf 86' lang='lat' dir='ltr'><strong>extra</strong></span> <span class='ocrx_word' id='word_1_95' title='bbox 1870 1889 2068 1954; x_wconf 89' lang='lat' dir='ltr'><strong>illum</strong></span> <span class='ocrx_word' id='word_1_96' title='bbox 2105 1912 2190 1955; x_wconf 86' lang='lat' dir='ltr'><strong>ex</strong></span> <span class='ocrx_word' id='word_1_97' title='bbox 2229 1889 2511 1953; x_wconf 85' lang='lat' dir='ltr'><strong>vulnere</strong></span> <span class='ocrx_word' id='word_1_98' title='bbox 2549 1888 2618 1951; x_wconf 90' lang='lat' dir='ltr'><strong>in</strong></span> <span class='ocrx_word' id='word_1_99' title='bbox 2649 1886 2890 1953; x_wconf 89' lang='lat' dir='ltr'><strong>duello</strong></span> 
     </span>
     <span class='ocr_line' id='line_1_14' title="bbox 624 2001 2884 2089; baseline 0 -25"><span class='ocrx_word' id='word_1_100' title='bbox 624 2008 901 2089; x_wconf 87' lang='lat' dir='ltr'><strong>accepto</strong></span> <span class='ocrx_word' id='word_1_101' title='bbox 947 2029 1000 2066; x_wconf 88' lang='lat'><strong>».</strong></span> <span class='ocrx_word' id='word_1_102' title='bbox 1054 2041 1142 2052; x_wconf 90' lang='lat'><strong>—</strong></span> <span class='ocrx_word' id='word_1_103' title='bbox 1190 2003 1476 2068; x_wconf 90' lang='lat' dir='ltr'><strong>Constat</strong></span> <span class='ocrx_word' id='word_1_104' title='bbox 1532 2002 1884 2068; x_wconf 89' lang='lat' dir='ltr'><strong>Benedicti</strong></span> <span class='ocrx_word' id='word_1_105' title='bbox 1929 2002 2088 2069; x_wconf 89' lang='lat' dir='ltr'><strong>XIV</strong></span> <span class='ocrx_word' id='word_1_106' title='bbox 2124 2002 2315 2068; x_wconf 84' lang='lat' dir='ltr'><strong>bulla</strong></span> <span class='ocrx_word' id='word_1_107' title='bbox 2359 2001 2884 2086; x_wconf 73' lang='lat' dir='ltr'><strong>Dete-stabilem,</strong></span> 
     </span>
     <span class='ocr_line' id='line_1_15' title="bbox 627 2113 2892 2205; baseline 0.001 -28"><span class='ocrx_word' id='word_1_108' title='bbox 627 2113 710 2178; x_wconf 83' lang='lat'><strong>10</strong></span> <span class='ocrx_word' id='word_1_109' title='bbox 747 2136 904 2179; x_wconf 85' lang='lat' dir='ltr'><strong>nov.</strong></span> <span class='ocrx_word' id='word_1_110' title='bbox 953 2115 1158 2197; x_wconf 81' lang='lat'><strong>1752,</strong></span> <span class='ocrx_word' id='word_1_111' title='bbox 1210 2119 1243 2200; x_wconf 62' lang='grc' dir='ltr'>ἓ</span> <span class='ocrx_word' id='word_1_112' title='bbox 1288 2116 1391 2198; x_wconf 80' lang='lat'><strong>8²,</strong></span> <span class='ocrx_word' id='word_1_113' title='bbox 1436 2117 1507 2182; x_wconf 89' lang='lat' dir='ltr'><strong>in</strong></span> <span class='ocrx_word' id='word_1_114' title='bbox 1554 2141 1690 2204; x_wconf 87' lang='lat' dir='ltr'><strong>qua</strong></span> <span class='ocrx_word' id='word_1_115' title='bbox 1739 2117 2148 2183; x_wconf 88' lang='lat' dir='ltr'><strong>Benedictus</strong></span> <span class='ocrx_word' id='word_1_116' title='bbox 2192 2115 2552 2205; x_wconf 79' lang='lat' dir='ltr'><strong>praefatum</strong></span> <span class='ocrx_word' id='word_1_117' title='bbox 2600 2113 2892 2180; x_wconf 82' lang='lat' dir='ltr'><strong>interfe-</strong></span> 
     </span>
     <span class='ocr_line' id='line_1_16' title="bbox 624 2229 2889 2320; baseline 0 -28"><span class='ocrx_word' id='word_1_118' title='bbox 624 2233 881 2293; x_wconf 88' lang='lat' dir='ltr'><strong>ctorem</strong></span> <span class='ocrx_word' id='word_1_119' title='bbox 926 2229 1152 2317; x_wconf 87' lang='lat' dir='ltr'><strong>privat</strong></span> <span class='ocrx_word' id='word_1_120' title='bbox 1189 2230 1343 2318; x_wconf 91' lang='lat' dir='ltr'><strong>jure</strong></span> <span class='ocrx_word' id='word_1_121' title='bbox 1392 2230 1600 2318; x_wconf 83' lang='lat' dir='ltr'><strong>asyli,</strong></span> <span class='ocrx_word' id='word_1_122' title='bbox 1645 2239 1973 2320; x_wconf 89' lang='lat' dir='ltr'><strong>tanquam</strong></span> <span class='ocrx_word' id='word_1_123' title='bbox 2021 2231 2432 2297; x_wconf 76' lang='lat' dir='ltr'><strong>homicidam</strong></span> <span class='ocrx_word' id='word_1_124' title='bbox 2477 2230 2889 2315; x_wconf 78' lang='lat' dir='ltr'><strong>interficien-</strong></span> 
     </span>
     <span class='ocr_line' id='line_1_17' title="bbox 626 2342 2888 2431; baseline 0.002 -27"><span class='ocrx_word' id='word_1_125' title='bbox 626 2348 759 2405; x_wconf 83' lang='lat' dir='ltr'><strong>tem</strong></span> <span class='ocrx_word' id='word_1_126' title='bbox 780 2343 1183 2426; x_wconf 63' lang='lat' dir='ltr'><strong>prozimum</strong></span> <span class='ocrx_word' id='word_1_127' title='bbox 1220 2367 1425 2409; x_wconf 78' lang='lat' dir='ltr'><strong>suum</strong></span> <span class='ocrx_word' id='word_1_128' title='bbox 1460 2347 1689 2410; x_wconf 74' lang='lat' dir='ltr'><strong>animo</strong></span> <span class='ocrx_word' id='word_1_129' title='bbox 1719 2347 2191 2431; x_wconf 77' lang='lat' dir='ltr'><strong>praemeditato</strong></span> <span class='ocrx_word' id='word_1_130' title='bbox 2230 2367 2306 2410; x_wconf 80' lang='lat' dir='ltr'><strong>ac</strong></span> <span class='ocrx_word' id='word_1_131' title='bbox 2343 2344 2752 2428; x_wconf 74' lang='lat' dir='ltr'><strong>deliberate,</strong></span> <span class='ocrx_word' id='word_1_132' title='bbox 2797 2342 2888 2408; x_wconf 86' lang='lat' dir='ltr'><strong>ad</strong></span> 
     </span>
     <span class='ocr_line' id='line_1_18' title="bbox 622 2456 2277 2525; baseline 0.002 -6"><span class='ocrx_word' id='word_1_133' title='bbox 622 2475 931 2520; x_wconf 89' lang='lat' dir='ltr'><strong>normam</strong></span> <span class='ocrx_word' id='word_1_134' title='bbox 962 2456 1076 2523; x_wconf 87' lang='lat' dir='ltr'><strong>cit.</strong></span> <span class='ocrx_word' id='word_1_135' title='bbox 1112 2458 1622 2524; x_wconf 83' lang='lat' dir='ltr'><strong>constitutionis</strong></span> <span class='ocrx_word' id='word_1_136' title='bbox 1663 2459 2013 2525; x_wconf 87' lang='lat' dir='ltr'><strong>Benedicti</strong></span> <span class='ocrx_word' id='word_1_137' title='bbox 2050 2456 2211 2525; x_wconf 92' lang='lat' dir='ltr'>XIII</span> <span class='ocrx_word' id='word_1_138' title='bbox 2233 2459 2277 2523; x_wconf 79' lang='lat'><strong>⁸.</strong></span> 
     </span>
    </p>
   </div>
   <div class='ocr_carea' id='block_1_5' title="bbox 608 2676 2889 4208">
    <p class='ocr_par' dir='ltr' id='par_1_7' title="bbox 621 2676 2888 2877">
     <span class='ocr_line' id='line_1_19' title="bbox 713 2676 2888 2768; baseline 0.001 -23"><span class='ocrx_word' id='word_1_139' title='bbox 713 2676 847 2746; x_wconf 86' lang='lat'><strong>53.</strong></span> <span class='ocrx_word' id='word_1_140' title='bbox 922 2715 1012 2726; x_wconf 95' lang='lat'>—</span> <span class='ocrx_word' id='word_1_141' title='bbox 1086 2678 1520 2749; x_wconf 79' lang='lat' dir='ltr'><strong>Processus</strong></span> <span class='ocrx_word' id='word_1_142' title='bbox 1601 2680 2013 2768; x_wconf 78' lang='lat' dir='ltr'><strong>judicialis</strong></span> <span class='ocrx_word' id='word_1_143' title='bbox 2085 2683 2174 2749; x_wconf 86' lang='lat' dir='ltr'><strong>in</strong></span> <span class='ocrx_word' id='word_1_144' title='bbox 2247 2698 2438 2749; x_wconf 75' lang='lat' dir='ltr'><strong>casu</strong></span> <span class='ocrx_word' id='word_1_145' title='bbox 2512 2678 2888 2748; x_wconf 81' lang='lat' dir='ltr'><strong>criminis</strong></span> 
     </span>
     <span class='ocr_line' id='line_1_20' title="bbox 621 2793 955 2877; baseline 0.015 -22"><span class='ocrx_word' id='word_1_146' title='bbox 621 2793 955 2877; x_wconf 81' lang='lat' dir='ltr'><strong>excepti.</strong></span> 
     </span>
    </p>

    <p class='ocr_par' dir='ltr' id='par_1_8' title="bbox 608 2903 2889 3657">
     <span class='ocr_line' id='line_1_21' title="bbox 713 2903 2888 2996; baseline 0.003 -30"><span class='ocrx_word' id='word_1_147' title='bbox 713 2905 777 2966; x_wconf 81' lang='lat'><strong>1⁰</strong></span> <span class='ocrx_word' id='word_1_148' title='bbox 829 2903 901 2969; x_wconf 87' lang='lat' dir='ltr'><strong>Si</strong></span> <span class='ocrx_word' id='word_1_149' title='bbox 956 2929 1111 2973; x_wconf 88' lang='lat' dir='ltr'><strong>reus</strong></span> <span class='ocrx_word' id='word_1_150' title='bbox 1132 2959 1147 2987; x_wconf 91' lang='lat'>‚</span> <span class='ocrx_word' id='word_1_151' title='bbox 1206 2908 1323 2996; x_wconf 91' lang='lat' dir='ltr'><strong>qui</strong></span> <span class='ocrx_word' id='word_1_152' title='bbox 1378 2908 1466 2973; x_wconf 85' lang='lat' dir='ltr'><strong>ad</strong></span> <span class='ocrx_word' id='word_1_153' title='bbox 1510 2907 1739 2973; x_wconf 89' lang='lat' dir='ltr'><strong>locum</strong></span> <span class='ocrx_word' id='word_1_154' title='bbox 1796 2910 2170 2974; x_wconf 89' lang='lat' dir='ltr'><strong>immunem</strong></span> <span class='ocrx_word' id='word_1_155' title='bbox 2226 2906 2566 2995; x_wconf 81' lang='lat' dir='ltr'><strong>confugit,</strong></span> <span class='ocrx_word' id='word_1_156' title='bbox 2619 2908 2888 2973; x_wconf 85' lang='lat' dir='ltr'><strong>crimen</strong></span> 
     </span>
     <span class='ocr_line' id='line_1_22' title="bbox 621 3020 2886 3110; baseline 0.003 -30"><span class='ocrx_word' id='word_1_157' title='bbox 621 3024 981 3104; x_wconf 86' lang='lat' dir='ltr'><strong>exceptum</strong></span> <span class='ocrx_word' id='word_1_158' title='bbox 1062 3022 1553 3109; x_wconf 85' lang='lat' dir='ltr'><strong>perpetraverit</strong></span> <span class='ocrx_word' id='word_1_159' title='bbox 1576 3074 1591 3104; x_wconf 92' lang='lat'>‚</span> <span class='ocrx_word' id='word_1_160' title='bbox 1673 3022 1981 3110; x_wconf 81' lang='lat' dir='ltr'><strong>privatur</strong></span> <span class='ocrx_word' id='word_1_161' title='bbox 2052 3022 2206 3110; x_wconf 89' lang='lat' dir='ltr'><strong>jure</strong></span> <span class='ocrx_word' id='word_1_162' title='bbox 2289 3020 2496 3109; x_wconf 83' lang='lat' dir='ltr'><strong>asyli,</strong></span> <span class='ocrx_word' id='word_1_163' title='bbox 2587 3020 2886 3109; x_wconf 88' lang='lat' dir='ltr'><strong>ideoque</strong></span> 
     </span>
     <span class='ocr_line' id='line_1_23' title="bbox 619 3130 2882 3223; baseline 0.004 -29"><span class='ocrx_word' id='word_1_164' title='bbox 619 3130 796 3195; x_wconf 89' lang='lat' dir='ltr'><strong>tradi</strong></span> <span class='ocrx_word' id='word_1_165' title='bbox 846 3130 1049 3199; x_wconf 89' lang='lat' dir='ltr'><strong>debet</strong></span> <span class='ocrx_word' id='word_1_166' title='bbox 1109 3135 1309 3199; x_wconf 80' lang='lat' dir='ltr'><strong>curiae</strong></span> <span class='ocrx_word' id='word_1_167' title='bbox 1362 3136 1703 3219; x_wconf 85' lang='lat' dir='ltr'><strong>saeculari,</strong></span> <span class='ocrx_word' id='word_1_168' title='bbox 1745 3141 1823 3201; x_wconf 94' lang='lat' dir='ltr'><strong>ut</strong></span> <span class='ocrx_word' id='word_1_169' title='bbox 1869 3137 2246 3202; x_wconf 87' lang='lat' dir='ltr'><strong>secundum</strong></span> <span class='ocrx_word' id='word_1_170' title='bbox 2291 3136 2480 3221; x_wconf 89' lang='lat' dir='ltr'><strong>leges</strong></span> <span class='ocrx_word' id='word_1_171' title='bbox 2527 3134 2882 3223; x_wconf 86' lang='lat' dir='ltr'><strong>puniatur.</strong></span> 
     </span>
     <span class='ocr_line' id='line_1_24' title="bbox 618 3244 2889 3337; baseline 0.002 -28"><span class='ocrx_word' id='word_1_172' title='bbox 618 3244 906 3329; x_wconf 85' lang='lat' dir='ltr'><strong>Verum,</strong></span> <span class='ocrx_word' id='word_1_173' title='bbox 973 3246 1043 3311; x_wconf 90' lang='lat' dir='ltr'><strong>in</strong></span> <span class='ocrx_word' id='word_1_174' title='bbox 1100 3247 1291 3312; x_wconf 90' lang='lat' dir='ltr'><strong>nullo</strong></span> <span class='ocrx_word' id='word_1_175' title='bbox 1354 3272 1517 3314; x_wconf 90' lang='lat' dir='ltr'><strong>casu</strong></span> <span class='ocrx_word' id='word_1_176' title='bbox 1569 3255 1800 3337; x_wconf 88' lang='lat' dir='ltr'><strong>potest</strong></span> <span class='ocrx_word' id='word_1_177' title='bbox 1855 3249 2032 3315; x_wconf 87' lang='lat' dir='ltr'><strong>tradi</strong></span> <span class='ocrx_word' id='word_1_178' title='bbox 2085 3249 2286 3315; x_wconf 85' lang='lat' dir='ltr'><strong>curiae</strong></span> <span class='ocrx_word' id='word_1_179' title='bbox 2343 3247 2685 3328; x_wconf 84' lang='lat' dir='ltr'><strong>saeculari,</strong></span> <span class='ocrx_word' id='word_1_180' title='bbox 2751 3249 2889 3313; x_wconf 73' lang='lat' dir='ltr'><strong>nisi</strong></span> 
     </span>
     <span class='ocr_line' id='line_1_25' title="bbox 608 3364 2886 3451; baseline 0.002 -28"><span class='ocrx_word' id='word_1_181' title='bbox 608 3367 980 3447; x_wconf 74' lang='lat' dir='ltr'><strong>postquam</strong></span> <span class='ocrx_word' id='word_1_182' title='bbox 1036 3364 1405 3427; x_wconf 75' lang='lat' dir='ltr'><strong>auctoritas</strong></span> <span class='ocrx_word' id='word_1_183' title='bbox 1460 3372 1840 3449; x_wconf 74' lang='lat' dir='ltr'><strong>competens</strong></span> <span class='ocrx_word' id='word_1_184' title='bbox 1881 3364 2300 3451; x_wconf 76' lang='lat' dir='ltr'><strong>judicaverit</strong></span> <span class='ocrx_word' id='word_1_185' title='bbox 2363 3364 2586 3448; x_wconf 79' lang='lat' dir='ltr'><strong>ipsum</strong></span> <span class='ocrx_word' id='word_1_186' title='bbox 2628 3383 2886 3447; x_wconf 80' lang='lat' dir='ltr'><strong>perpe—</strong></span> 
     </span>
     <span class='ocr_line' id='line_1_26' title="bbox 620 3474 2878 3563; baseline 0.001 -27"><span class='ocrx_word' id='word_1_187' title='bbox 620 3474 895 3539; x_wconf 75' lang='lat' dir='ltr'><strong>traviaae</strong></span> <span class='ocrx_word' id='word_1_188' title='bbox 954 3475 1278 3540; x_wconf 83' lang='lat' dir='ltr'><strong>delictum</strong></span> <span class='ocrx_word' id='word_1_189' title='bbox 1328 3485 1704 3563; x_wconf 76' lang='lat' dir='ltr'><strong>exceptum.</strong></span> <span class='ocrx_word' id='word_1_190' title='bbox 1769 3475 1999 3544; x_wconf 92' lang='lat' dir='ltr'><strong>—Ita</strong></span> <span class='ocrx_word' id='word_1_191' title='bbox 2060 3482 2198 3543; x_wconf 88' lang='lat' dir='ltr'><strong>tres</strong></span> <span class='ocrx_word' id='word_1_192' title='bbox 2263 3476 2468 3541; x_wconf 81' lang='lat' dir='ltr'><strong>bullae</strong></span> <span class='ocrx_word' id='word_1_193' title='bbox 2524 3474 2878 3562; x_wconf 86' lang='lat' dir='ltr'><strong>Gregorii,</strong></span> 
     </span>
     <span class='ocr_line' id='line_1_27' title="bbox 618 3585 1884 3657; baseline 0.006 -7"><span class='ocrx_word' id='word_1_194' title='bbox 618 3585 968 3653; x_wconf 86' lang='lat' dir='ltr'><strong>Benedicti</strong></span> <span class='ocrx_word' id='word_1_195' title='bbox 1006 3588 1166 3655; x_wconf 95' lang='lat' dir='ltr'>XIII</span> <span class='ocrx_word' id='word_1_196' title='bbox 1206 3597 1274 3656; x_wconf 90' lang='lat' dir='ltr'><strong>et</strong></span> <span class='ocrx_word' id='word_1_197' title='bbox 1314 3591 1665 3657; x_wconf 90' lang='lat' dir='ltr'><strong>Benedicti</strong></span> <span class='ocrx_word' id='word_1_198' title='bbox 1702 3591 1884 3657; x_wconf 90' lang='lat' dir='ltr'><strong>XIV.</strong></span> 
     </span>
    </p>

    <p class='ocr_par' dir='ltr' id='par_1_9' title="bbox 617 3699 2882 3908">
     <span class='ocr_line' id='line_1_28' title="bbox 706 3699 2882 3794; baseline 0.002 -31"><span class='ocrx_word' id='word_1_199' title='bbox 706 3699 774 3763; x_wconf 83' lang='lat'><strong>2⁰</strong></span> <span class='ocrx_word' id='word_1_200' title='bbox 830 3700 990 3766; x_wconf 85' lang='lat' dir='ltr'><strong>Haec</strong></span> <span class='ocrx_word' id='word_1_201' title='bbox 1048 3704 1415 3770; x_wconf 86' lang='lat' dir='ltr'><strong>auctoritas</strong></span> <span class='ocrx_word' id='word_1_202' title='bbox 1485 3713 1878 3794; x_wconf 87' lang='lat' dir='ltr'><strong>competens</strong></span> <span class='ocrx_word' id='word_1_203' title='bbox 1939 3712 2046 3771; x_wconf 87' lang='lat' dir='ltr'><strong>est</strong></span> <span class='ocrx_word' id='word_1_204' title='bbox 2104 3705 2290 3769; x_wconf 78' lang='lat' dir='ltr'><strong>solus</strong></span> <span class='ocrx_word' id='word_1_205' title='bbox 2335 3705 2682 3791; x_wconf 74' lang='lat' dir='ltr'><strong>episcopus</strong></span> <span class='ocrx_word' id='word_1_206' title='bbox 2718 3702 2882 3792; x_wconf 83' lang='lat' dir='ltr'><strong>(vel</strong></span> 
     </span>
     <span class='ocr_line' id='line_1_29' title="bbox 617 3812 2882 3908; baseline 0.001 -29"><span class='ocrx_word' id='word_1_207' title='bbox 617 3812 764 3900; x_wconf 85' lang='lat' dir='ltr'><strong>ejus</strong></span> <span class='ocrx_word' id='word_1_208' title='bbox 788 3813 1079 3880; x_wconf 85' lang='lat' dir='ltr'><strong>vicarius</strong></span> <span class='ocrx_word' id='word_1_209' title='bbox 1109 3817 1501 3908; x_wconf 86' lang='lat' dir='ltr'><strong>generalis),</strong></span> <span class='ocrx_word' id='word_1_210' title='bbox 1526 3818 1815 3885; x_wconf 73' lang='lat' dir='ltr'><strong>exclusi-3</strong></span> <span class='ocrx_word' id='word_1_211' title='bbox 1843 3819 1995 3884; x_wconf 73' lang='lat' dir='ltr'><strong>aliis</strong></span> <span class='ocrx_word' id='word_1_212' title='bbox 2019 3817 2424 3901; x_wconf 73' lang='lat' dir='ltr'><strong>ordinariis,</strong></span> <span class='ocrx_word' id='word_1_213' title='bbox 2460 3816 2667 3882; x_wconf 89' lang='lat' dir='ltr'><strong>etiam</strong></span> <span class='ocrx_word' id='word_1_214' title='bbox 2693 3838 2882 3904; x_wconf 83' lang='lat' dir='ltr'><strong>prae-</strong></span> 
     </span>
    </p>

    <p class='ocr_par' dir='ltr' id='par_1_10' title="bbox 676 3982 1788 4047">
     <span class='ocr_line' id='line_1_30' title="bbox 676 3982 1788 4047; baseline 0.006 -17"><span class='ocrx_word' id='word_1_215' title='bbox 676 3984 695 4017; x_wconf 84' lang='lat'>¹</span> <span class='ocrx_word' id='word_1_216' title='bbox 732 3982 811 4031; x_wconf 77' lang='lat' dir='ltr'><strong>Cf.</strong></span> <span class='ocrx_word' id='word_1_217' title='bbox 839 3984 930 4032; x_wconf 85' lang='lat' dir='ltr'><strong>cit.</strong></span> <span class='ocrx_word' id='word_1_218' title='bbox 960 3984 1163 4033; x_wconf 85' lang='lat' dir='ltr'><strong>bullam</strong></span> <span class='ocrx_word' id='word_1_219' title='bbox 1190 3985 1469 4035; x_wconf 87' lang='lat' dir='ltr'><strong>Benedicti</strong></span> <span class='ocrx_word' id='word_1_220' title='bbox 1494 3986 1651 4047; x_wconf 86' lang='lat' dir='ltr'>XIII,</span> <span class='ocrx_word' id='word_1_221' title='bbox 1687 3992 1712 4047; x_wconf 66' lang='grc' dir='ltr'><strong>ἓ</strong></span> <span class='ocrx_word' id='word_1_222' title='bbox 1741 3992 1788 4037; x_wconf 74' lang='grc'><strong>4.</strong></span> 
     </span>
    </p>

    <p class='ocr_par' dir='ltr' id='par_1_11' title="bbox 675 4062 1465 4123">
     <span class='ocr_line' id='line_1_31' title="bbox 675 4062 1465 4123; baseline 0.005 -13"><span class='ocrx_word' id='word_1_223' title='bbox 675 4062 698 4097; x_wconf 80' lang='lat'><strong>¹</strong></span> <span class='ocrx_word' id='word_1_224' title='bbox 732 4062 875 4111; x_wconf 78' lang='lat' dir='ltr'><strong>Ball.</strong></span> <span class='ocrx_word' id='word_1_225' title='bbox 907 4062 1127 4121; x_wconf 73' lang='lat' dir='ltr'><strong>Bened„</strong></span> <span class='ocrx_word' id='word_1_226' title='bbox 1160 4065 1199 4112; x_wconf 86' lang='lat' dir='ltr'><strong>t.</strong></span> <span class='ocrx_word' id='word_1_227' title='bbox 1232 4080 1303 4123; x_wconf 77' lang='lat' dir='ltr'><strong>iv,</strong></span> <span class='ocrx_word' id='word_1_228' title='bbox 1335 4080 1386 4115; x_wconf 86' lang='lat' dir='ltr'><strong>n.</strong></span> <span class='ocrx_word' id='word_1_229' title='bbox 1420 4070 1465 4114; x_wconf 83' lang='grc'><strong>6.</strong></span> 
     </span>
    </p>

    <p class='ocr_par' dir='ltr' id='par_1_12' title="bbox 674 4140 2876 4208">
     <span class='ocr_line' id='line_1_32' title="bbox 674 4140 2876 4208; baseline 0.001 -19"><span class='ocrx_word' id='word_1_230' title='bbox 674 4141 697 4175; x_wconf 79' lang='lat'><strong>³</strong></span> <span class='ocrx_word' id='word_1_231' title='bbox 730 4140 1027 4190; x_wconf 84' lang='lat' dir='ltr'><strong>Elenchum</strong></span> <span class='ocrx_word' id='word_1_232' title='bbox 1056 4142 1187 4191; x_wconf 87' lang='lat' dir='ltr'><strong>dant</strong></span> <span class='ocrx_word' id='word_1_233' title='bbox 1214 4143 1501 4192; x_wconf 80' lang='lat' dir='ltr'><strong>criminum</strong></span> <span class='ocrx_word' id='word_1_234' title='bbox 1530 4147 1884 4208; x_wconf 85' lang='lat' dir='ltr'><strong>exceptorum</strong></span> <span class='ocrx_word' id='word_1_235' title='bbox 1916 4144 2148 4205; x_wconf 73' lang='lat' dir='ltr'><strong>Giraffli,</strong></span> <span class='ocrx_word' id='word_1_236' title='bbox 2180 4143 2460 4207; x_wconf 61' lang='lat' dir='ltr'><strong>Exi-positio</strong></span> <span class='ocrx_word' id='word_1_237' title='bbox 2491 4142 2644 4207; x_wconf 76' lang='lat' dir='ltr'><strong>juris</strong></span> <span class='ocrx_word' id='word_1_238' title='bbox 2673 4142 2876 4206; x_wconf 75' lang='lat' dir='ltr'><strong>ponti-</strong></span> 
     </span>
    </p>
   </div>
   <div class='ocr_carea' id='block_1_6' title="bbox 612 4216 2876 4364">
    <p class='ocr_par' dir='ltr' id='par_1_13' title="bbox 612 4216 2876 4364">
     <span class='ocr_line' id='line_1_33' title="bbox 612 4216 2876 4287; baseline 0.002 -21"><span class='ocrx_word' id='word_1_239' title='bbox 612 4216 751 4281; x_wconf 79' lang='lat' dir='ltr'><strong>ficii,</strong></span> <span class='ocrx_word' id='word_1_240' title='bbox 784 4222 925 4281; x_wconf 84' lang='lat' dir='ltr'><strong>part.</strong></span> <span class='ocrx_word' id='word_1_241' title='bbox 959 4218 1008 4279; x_wconf 85' lang='lat'><strong>1,</strong></span> <span class='ocrx_word' id='word_1_242' title='bbox 1036 4222 1168 4269; x_wconf 78' lang='lat' dir='ltr'><strong>sect.</strong></span> <span class='ocrx_word' id='word_1_243' title='bbox 1201 4233 1435 4281; x_wconf 73' lang='lat' dir='ltr'><strong>ncxuv,</strong></span> <span class='ocrx_word' id='word_1_244' title='bbox 1467 4223 1768 4287; x_wconf 71' lang='lat' dir='ltr'><strong>appendix,</strong></span> <span class='ocrx_word' id='word_1_245' title='bbox 1800 4250 1860 4259; x_wconf 92' lang='lat'><strong>—</strong></span> <span class='ocrx_word' id='word_1_246' title='bbox 1890 4226 1946 4273; x_wconf 85' lang='lat' dir='ltr'><strong>et</strong></span> <span class='ocrx_word' id='word_1_247' title='bbox 1977 4222 2306 4281; x_wconf 78' lang='lat' dir='ltr'><strong>Pennacchi‚</strong></span> <span class='ocrx_word' id='word_1_248' title='bbox 2333 4222 2398 4271; x_wconf 85' lang='lat' dir='ltr'><strong>In</strong></span> <span class='ocrx_word' id='word_1_249' title='bbox 2429 4223 2598 4271; x_wconf 76' lang='lat' dir='ltr'><strong>comt.</strong></span> <span class='ocrx_word' id='word_1_250' title='bbox 2629 4222 2876 4284; x_wconf 67' lang='lat' dir='ltr'><strong>Aposto-</strong></span> 
     </span>
     <span class='ocr_line' id='line_1_34' title="bbox 616 4294 1885 4364; baseline 0.002 -19"><span class='ocrx_word' id='word_1_251' title='bbox 616 4294 735 4346; x_wconf 77' lang='lat' dir='ltr'><strong>licoe</strong></span> <span class='ocrx_word' id='word_1_252' title='bbox 760 4296 938 4356; x_wconf 76' lang='lat' dir='ltr'><strong>sedis,</strong></span> <span class='ocrx_word' id='word_1_253' title='bbox 972 4297 1186 4359; x_wconf 77' lang='lat' dir='ltr'><strong>Romae‚</strong></span> <span class='ocrx_word' id='word_1_254' title='bbox 1218 4302 1367 4359; x_wconf 77' lang='lat'><strong>1883,</strong></span> <span class='ocrx_word' id='word_1_255' title='bbox 1400 4302 1440 4351; x_wconf 88' lang='lat' dir='ltr'><strong>t.</strong></span> <span class='ocrx_word' id='word_1_256' title='bbox 1470 4316 1517 4363; x_wconf 87' lang='lat'><strong>1,</strong></span> <span class='ocrx_word' id='word_1_257' title='bbox 1548 4315 1602 4364; x_wconf 89' lang='lat' dir='ltr'><strong>p.</strong></span> <span class='ocrx_word' id='word_1_258' title='bbox 1633 4306 1885 4349; x_wconf 79' lang='lat'><strong>679-690.</strong></span> 
     </span>
    </p>
   </div>
  </div>
 </body>
</html>
