3192 5025
1054 545 1141 596 DE
1180 543 1536 597 ORATORIIS
1574 544 1968 596 DOMESTICIS
2535 539 2636 592 149

378 689 789 774 facultatem
821 688 1218 774 hujusmodi
1250 689 1551 754 licentias
1580 689 1813 773 dandi,
1837 689 2048 774 ipsius
2077 687 2342 753 concilii
2370 686 2634 752 decreto

382 804 752 890 unicuique
790 804 1177 889 ademptam
1214 825 1373 888 esse,
1414 804 1676 889 solique
1713 803 2099 868 beatissimo
2126 802 2430 866 Romano
2458 802 2637 866 Pon-

378 917 552 1001 tifici
625 939 761 982 esse
838 920 1307 983 reservatam¹.
1350 945 1382 978 »
1446 917 1644 983 Unde
1707 917 1968 981 moveri
2034 915 2269 1004 nequit
2343 915 2635 1003 amplius

374 1031 867 1097 controversia.

472 1259 611 1328 81.
652 1299 741 1309 -
777 1260 1160 1345 Propo-sitio
1195 1260 1292 1326 II.
1337 1241 1789 1344 —sslttamen
1819 1262 2116 1344 praefata
2147 1266 2444 1345 potestas
2472 1279 2636 1342 per-

378 1374 700 1438 mittendi
746 1374 1266 1439 celebrationem
1314 1374 1527 1438 missae
1578 1374 1648 1437 ἰη
1704 1373 2020 1437 oratorii-9
2071 1372 2449 1436 domesticis
2503 1392 2638 1435 non

374 1488 524 1573 suit
566 1488 867 1552 totaliter
902 1489 1222 1573 episcopis
1260 1487 1595 1574 adempta.

470 1601 881 1667 Declaratur
924 1602 1321 1691 propositiO.
1360 1639 1449 1652 —
1488 1602 1726 1666 Plures
1773 1601 2009 1667 dicunt
2055 1599 2402 1689 praefatam
2449 1605 2638 1686 pote-

378 1721 631 1781 statem
670 1715 877 1780 fuisse
916 1716 1251 1804 episcopis
1282 1715 1582 1780 totaliter
1607 1715 2027 1803 ademptam,
2062 1714 2306 1779 saltem
2335 1713 2406 1776 vi
2433 1712 2638 1777 inter-

378 1829 785 1916 pretationis
830 1830 1235 1894 authenticae
1274 1829 1527 1894 decreti
1564 1829 1938 1894 Tridentini
1980 1850 2018 1892 a
2059 1827 2270 1892 Paulo
2311 1827 2371 1890 V
2409 1825 2631 1892 editae.

380 1942 747 2008 Rationem
786 1942 975 2026 dant,
1018 1950 1165 2008 tum
1204 1943 1397 2032 quia,
1440 1944 1511 2008 in
1550 1943 1678 2008 hac
1715 1941 2295 2031 interpretatione,
2341 1938 2638 2005 declara-

380 2065 497 2123 tur
527 2056 925 2145 simpliciter
960 2064 1369 2146 potestatem
1408 2058 1822 2123 concedendi
1854 2056 2376 2122 celebrationem
2414 2053 2638 2120 missae

381 2171 453 2235 in
494 2170 803 2236 oratoriis
842 2172 1232 2238 domesticis
1273 2179 1680 2237 reservatam
1719 2194 1853 2236 esse
1895 2172 2012 2237 uni
2048 2172 2131 2235 R.
2166 2169 2484 2256 Pontifici
2493 2187 2524 2252 ‚⁰
2551 2205 2640 2216 —

378 2292 532 2350 tum
586 2285 746 2373 quia
788 2307 1059 2367 revera,
1111 2294 1268 2375 post
1314 2286 1486 2352 hanc
1538 2287 2199 2375 interpretationem,
2259 2283 2324 2350 S.
2380 2284 2636 2370 Congr.

376 2397 708 2483 Concilii,
752 2400 821 2465 in
869 2398 1337 2487 Syracusana,
1381 2401 1465 2467 27
1505 2401 1667 2466 maii
1709 2401 1906 2483 1617,
1960 2400 2224 2465 censuit
2271 2421 2405 2464 non
2440 2419 2638 2482 posse

376 2516 767 2602 episcopum
805 2538 889 2579 eoe
917 2517 1155 2602 quavis
1193 2539 1392 2581 causa
1432 2516 1674 2604 cuique
1704 2516 2070 2581 concedere
2108 2521 2188 2579 ut
2224 2535 2491 2578 sacrum
2518 2513 2638 2577 fiat

376 2629 451 2693 in
504 2630 789 2718 privatis
842 2630 1153 2694 oratoriis
1175 2631 1221 2695 ¹.
1278 2630 1474 2696 Alias
1526 2630 1595 2694 in
1648 2630 1887 2696 eodem
1944 2652 2152 2694 sensu
2199 2625 2404 2692 refert
2455 2626 2639 2691 deci-

372 2744 611 2809 siones
666 2744 974 2831 ejusdem
1027 2742 1279 2830 Congr.
1337 2744 1701 2831 Fagnanus
1721 2744 1768 2809 ³.
1825 2743 1926 2808 Ita
1985 2742 2166 2808 idem
2227 2742 2637 2839 Fagnanus3

376 2858 715 2939 FerrariS,
772 2858 1025 2939 Bouix,
1084 2857 1332 2945 aliique
1360 2860 1403 2921 ⁴.
1465 2896 1550 2909 —
1601 2857 1744 2922 Alii
1804 2864 2029 2922 autem
2099 2856 2333 2921 dicunt
2402 2854 2634 2919 mitius

368 2971 632 3059 exponi
667 2971 912 3039 debere
950 2972 1299 3037 decretum
1337 2971 1521 3036 Trid.
1566 2978 1635 3036 et
1673 2970 2196 3037 declarationem
2237 2969 2629 3050 Paulinam,

372 3107 509 3150 nec
544 3085 845 3152 totaliter
880 3086 1092 3151 fuisse
1140 3086 1527 3173 ademptam
1565 3085 1902 3173 episcopis
1945 3084 2295 3172 praefatam
2331 3089 2634 3171 potesta-

373 3204 555 3281 tem,
612 3199 707 3266 ita
756 3206 833 3265 ut
883 3200 1149 3288 possint
1200 3200 1418 3265 adhuc
1467 3200 1796 3285 gravibus
1845 3200 1926 3264 de
1977 3200 2194 3264 causis
2243 3198 2633 3286 permittere

368 3311 908 3379 celebrationem
946 3314 1171 3378 missoe
1210 3314 1279 3378 in
1319 3313 1630 3378 oratoriis
1660 3312 2074 3379 domesticis
2112 3310 2214 3378 Ita
2243 3311 2446 3376 multi
2473 3333 2633 3375 mox

368 3426 741 3514 allegandi.

466 3541 996 3607 Demonstratur
1030 3542 1401 3631 propositio
1437 3562 1453 3610 :

440 3719 457 3751 ²
496 3720 659 3782 Apud
688 3718 1044 3768 Benedictum
1074 3718 1222 3778 XIV,
1252 3718 1328 3769 De
1363 3719 1636 3783 sacrificio
1671 3719 1874 3779 missae,
1908 3723 2040 3769 sect.
2074 3736 2136 3778 u,
2167 3724 2192 3779 ἓ
2222 3722 2308 3777 ⁴2,
2341 3733 2396 3781 p.
2427 3724 2513 3777 63,
2548 3718 2634 3766 vel

366 3799 429 3845 in
462 3797 556 3845 cit.
588 3812 779 3860 encyc.
804 3797 1029 3862 Maqrw,
1052 3802 1079 3857 5
1106 3803 1185 3846 11.
1210 3825 1265 3834 -
1298 3798 1453 3847 Hanc
1478 3800 1661 3847 autem
1691 3799 2116 3848 declarationem
2149 3798 2204 3846 in
2229 3800 2454 3847 extenso
2486 3798 2632 3859 legas

364 3875 524 3938 apud
542 3874 918 3935 Passerinum,
938 3876 1018 3926 De
1037 3876 1319 3926 hominum
1338 3874 1595 3934 statibus,
1621 3892 1674 3939 q.
1697 3892 1946 3936 cnxxxix,
1968 3880 2070 3926 ert.
2093 3882 2180 3937 10,
2202 3892 2254 3925 n.
2277 3880 2370 3923 979
2385 3912 2398 3937 ,
2422 3876 2630 3935 Romae,

368 3958 519 4010 1665,
550 3956 593 4002 t.
624 3970 705 4012 m,
738 3970 791 4017 p.
824 3958 934 4003 883.

436 4031 463 4065 ²
496 4032 627 4089 Qum
670 4032 874 4081 decisio
917 4033 1115 4096 legitur
1154 4035 1209 4082 in
1258 4033 1536 4083 Thesauro
1578 4033 1630 4081 S.
1683 4033 1884 4097 Conqr.
1927 4034 2004 4091 C„
2054 4034 2109 4081 in
2155 4032 2628 4097 Calatayeronen„

364 4116 435 4159 20
466 4110 586 4159 dec.
620 4115 769 4170 1856,
802 4114 841 4159 t.
872 4126 997 4171 exis,
1029 4127 1083 4175 p.
1114 4116 1223 4163 521.

435 4188 461 4223 ³
494 4188 557 4237 In
586 4204 636 4237 c.
666 4190 735 4239 In
764 4188 851 4237 his
881 4194 996 4253 (30,
1026 4190 1105 4239 De
1127 4189 1502 4255 privileqiis)‚
1531 4205 1585 4239 n.
1616 4195 1696 4238 13.

434 4268 463 4300 ⁴
496 4266 807 4330 FagnanuS,
842 4268 941 4317 loc.
973 4269 1083 4327 cil„
1119 4285 1171 4317 n.
1203 4273 1405 4329 16-18;
1441 4295 1497 4305 —
1529 4268 1793 4327 Ferraria,
1825 4278 1886 4317 νο
1918 4268 2257 4331 Orator-ium,
2290 4286 2342 4317 n.
2367 4273 2540 4318 27-28.
2571 4294 2634 4306 -—

366 4346 575 4404 Bouix,
610 4345 685 4395 De
715 4346 991 4410 episcopo,
1024 4345 1269 4406 Parisiis,
1302 4352 1451 4406 1859,
1485 4348 1525 4395 t.
1555 4362 1620 4406 n,
1651 4362 1704 4410 p.
1733 4352 1968 4397 127-128.
