3192 5025
1121 1320 1550 1403 CAPUT
1632 1320 1759 1401 IV

381 1759 478 1812 DE
532 1757 720 1812 JURE
777 1754 1168 1828 COMMUm,
1232 1754 1454 1808 (ΗΒΕΑ
1513 1753 1770 1808 LOCUM
1832 1754 1911 1807 IN
1968 1753 2127 1818 QUO
2183 1752 2516 1818 QUISQUE

924 1885 1216 1941 FIDELIS
1283 1885 1619 1940 SEPELIRI
1679 1884 1967 1938 DEBEAT

413 2389 607 2458 162.
639 2427 730 2438 -
758 2389 1258 2480 Principium
1297 2391 1665 2480 generale
1699 2391 2235 2461 statuendum.
2256 2429 2344 2438 —
2375 2390 2573 2454 Prin-

324 2505 576 2594 cipium
607 2504 956 2591 generale,
1001 2506 1071 2571 in
1099 2505 1224 2573 hac
1263 2505 1576 2589 materia,
1626 2505 1845 2571 tribus
1893 2505 1999 2570 his
2038 2512 2305 2570 constat
2340 2523 2355 2569 :
2402 2507 2467 2569 1⁰
2504 2503 2575 2570 Si

321 2618 543 2683 fidelis
593 2618 726 2683 sihi
771 2619 1048 2705 eleqerit
1091 2620 1552 2707 sepulturam,
1596 2621 1668 2684 in
1714 2619 1840 2684 hae
1896 2618 2168 2707 sepeliri
2211 2617 2443 2697 debet;
2490 2656 2575 2667 -—

323 2732 396 2797 2⁰
440 2732 516 2799 Si
560 2755 698 2797 non
748 2732 1031 2821 elegerit
1077 2735 1530 2824 sepulturam,
1584 2733 1855 2822 sepeliri
1902 2732 2106 2798 debet
2149 2732 2219 2797 in
2268 2732 2575 2818 sepulcro

325 2848 720 2933 majorum,·
754 2886 842 2895 —
883 2847 950 2913 3⁰
988 2848 1059 2913 Si
1097 2870 1235 2913 non
1274 2846 1521 2913 habeat
1559 2848 1946 2936 sepulcrum
1984 2847 2345 2935 majorum,
2388 2868 2577 2933 sepe-

323 2958 434 3024 liri
471 2959 675 3025 debet
711 2961 782 3024 in
827 2961 1100 3027 ecclesia
1147 2962 1251 3027 vel
1295 2963 1666 3027 coemeterio
1705 2961 2111 3047 parochiali.
2159 2958 2247 3013 —'
2291 2960 2578 3025 Constat

324 3072 502 3139 clare
532 3073 660 3138 hoc
696 3074 1101 3163 principium
1137 3094 1153 3141 :

413 3210 478 3253 a.
525 3188 629 3252 Ex
669 3211 873 3276 supra
913 3190 1018 3275 (n.
1067 3190 1264 3277 155)
1306 3190 1521 3254 relato
1570 3211 1720 3277 cap.
1763 3189 1834 3254 Is
1880 3188 2036 3275 qui,
2082 3188 2155 3269 3,
2199 3187 2302 3252 DE
2350 3208 2578 3253 septn-

324 3322 534 3382 Tcms,
569 3302 639 3365 in
678 3301 796 3385 VI,
831 3300 947 3367 ubi
985 3310 1125 3368 tres
1165 3303 1427 3391 species
1458 3302 1825 3391 sepulturae
1857 3301 2112 3389 (electa,
2144 3302 2483 3387 qentilicia
2513 3308 2581 3365 et

315 3415 762 3505 parochialis)
804 3415 1303 3498 describuntur,
1325 3424 1394 3482 et
1431 3416 1502 3481 in
1531 3415 1767 3481 ordine
1792 3415 2181 3503 supradicto
2206 3421 2574 3502 ponuntur.

416 3528 487 3592 b.
525 3527 628 3593 Ex
657 3550 804 3616 cap.
843 3528 989 3594 Nos
1029 3530 1364 3613 instituta,
1412 3531 1472 3611 1,
1507 3529 1609 3593 Dr:
1648 3546 2070 3595 ssspnmums:
2117 3554 2148 3588 «
2186 3528 2352 3608 NOS,
2388 3526 2581 3591 insti-

326 3648 477 3706 tuta
540 3641 874 3729 majorum
944 3649 1215 3731 patrum
1285 3641 1827 3724 considet-antea,
1904 3641 2269 3707 statuimus
2338 3663 2583 3706 unum-

330 3778 672 3843 quemque
720 3756 791 3821 in
842 3757 1191 3842 majorum
1241 3778 1526 3822 suorum
1576 3755 1905 3842 sepulcris
1944 3756 2211 3842 jacere,
2253 3761 2332 3820 ut
2377 3754 2583 3843 patri-

335 3868 690 3934 archarum
749 3870 974 3935 exitus
1029 3869 1250 3935 docet.
1305 3868 1498 3935 Nulli
1562 3876 1794 3935 tamen
1846 3891 2176 3955 negamus
2222 3869 2583 3955 propriam

335 3982 582 4068 eliqere
626 3984 1087 4069 sepulturam,
1149 3989 1218 4048 et
1270 3982 1477 4048 etiam
1525 3981 1861 4062 alienam;
1915 3981 2249 4046 Dominus
2288 3981 2469 4046 enim
2517 3988 2585 4045 et

337 4095 664 4183 Magister
705 4097 998 4162 alienam
1045 4096 1253 4183 elegit
1289 4102 1368 4161 ut
1404 4096 1770 4184 propriam.
1818 4094 1951 4160 Sed
1989 4095 2147 4183 quia
2195 4094 2444 4181 dignus
2482 4102 2586 4159 est

339 4210 683 4298 operarius
755 4210 1066 4277 mercede
1128 4234 1281 4293 sua,
1356 4212 1628 4275 tertiam
1677 4217 1955 4296 partem
2013 4210 2122 4274 sui
2168 4208 2427 4294 judicii
2483 4208 2587 4273 illi

344 4324 618 4390 ecclesiae
656 4326 810 4391 dari
846 4347 1211 4409 censemus,
1248 4326 1316 4389 in
1346 4346 1484 4411 qua
1523 4323 1765 4389 caelesti
1792 4324 2055 4409 pabulo
2095 4324 2281 4408 refici
2317 4344 2587 4387 consue-
