3192 5025
1058 473 1147 523 DE
1185 472 1541 524 ORATORIIS
1582 473 1979 525 DOMESTICIS
2545 470 2646 522 167

478 617 615 685 92.
663 656 751 665 —
790 616 1167 686 clausula.
1214 619 1656 706 respiciens
1703 619 2125 687 tuitionem
2155 616 2465 705 jurium
2511 635 2645 705 pa.-

384 731 890 800 rochialium.

482 872 515 905 «
680 845 839 910 Sine
880 855 1102 910 tamen
1120 847 1403 932 jurium
1425 846 1931 932 parochialium
1962 845 2453 933 praejudicia..
2493 873 2524 906 »

480 962 551 1024 10
593 959 767 1024 Jura
808 960 1233 1044 parochialia
1296 966 1689 1026 enumerata
1735 967 1894 1026 sunt
1935 982 2172 1046 supra,
2231 983 2300 1026 n.
2345 959 2490 1046 74,
2531 957 2650 1024 ubi

384 1073 470 1138 de
510 1073 819 1138 oratoriis
856 1073 1179 1161 publicis,
1226 1078 1292 1137 et
1331 1073 1714 1139 referuntur
1751 1074 1838 1139 ad
1872 1075 2258 1160 functiones
2287 1073 2649 1159 parochia—

388 1187 515 1272 ιω,
568 1163 1015 1274 ad'quaedam
1059 1197 1481 1252 sacramenta
1528 1198 1596 1254 et
1655 1189 1740 1253 ad
1787 1192 2061 1273 funera.
2118 1189 2329 1252 Porro
2369 1188 2452 1252 de
2493 1187 2648 1252 fun-

384 1299 725 1366 ctionibus
762 1300 1263 1390 parochialibus
1315 1307 1385 1366 et
1434 1302 1517 1368 de
1570 1301 1922 1368 funeribus
1943 1353 1959 1385 ,
2015 1325 2152 1366 non
2212 1308 2317 1367 est
2364 1301 2648 1366 dubium

394 1415 561 1504 quin
600 1415 746 1482 fieri
783 1421 1129 1504 nequeant
1166 1416 1236 1480 in
1276 1416 1589 1482 oratoriis
1629 1416 2047 1483 domesticiS.

476 1531 549 1594 20
585 1528 826 1608 Quoad
862 1537 1309 1613 sacramenta,
1353 1529 1911 1619 distinguendum
1950 1537 2057 1595 est
2079 1533 2098 1572 ¹
2134 1549 2151 1597 :

474 1667 537 1710 a.
591 1644 982 1732 Baptismus
1042 1643 1189 1708 dari
1257 1644 1495 1733 nequit
1564 1645 1635 1708 in
1691 1645 1983 1709 oratorio
2046 1643 2452 1722 domesticO,
2514 1644 2646 1709 nisi

384 1757 659 1845 quando
690 1758 838 1823 dari
874 1763 1103 1845 potest
1140 1757 1327 1822 domi
1368 1759 1471 1848 (n.
1518 1757 1694 1848 74).

474 1872 543 1938 h.
584 1871 1131 1954 Matrimonium,
1176 1873 1464 1938 servatis
1504 1872 1860 1938 servandis
1881 1924 1897 1953 ,
1941 1870 2267 1938 celebrari
2304 1877 2536 1958 potest
2573 1871 2642 1936 in

384 1987 677 2050 oratorio
715 1985 1089 2051 domestico
1132 1987 1227 2076 (n.
1261 1988 1433 2075 74).

472 2123 531 2165 c.
593 2099 1022 2166 Poenitentiae
1080 2107 1580 2167 sacramentum
1648 2125 1788 2166 non
1857 2106 2085 2189 potest
2150 2099 2638 2183 administrari,

384 2214 518 2280 nisi
580 2213 855 2302 quando
912 2220 1142 2300 potest
1198 2215 1658 2280 administrari
1713 2215 1929 2296 domi,
1991 2239 2058 2281 v.
2127 2239 2224 2302 g.,
2300 2238 2421 2302 pro
2478 2215 2644 2279 viris

381 2327 843 2394 absolvendis,

473 2442 543 2507 d.
598 2443 1004 2508 Communio
1034 2443 1409 2529 paschalis,
1455 2467 1668 2532 quum
1706 2444 1915 2534 recipi
1952 2442 2195 2509 debeat
2233 2443 2302 2507 in
2357 2442 2643 2508 ecclesia

378 2557 785 2644 parochiali,
830 2558 1039 2645 recipi
1087 2558 1322 2646 nequit
1361 2558 1431 2622 in
1471 2559 1792 2624 oratorio,
1837 2560 1940 2623 De
1981 2557 2457 2623 communione
2507 2580 2641 2623 non

372 2670 719 2757 paschali,
763 2671 1029 2737 dicetur
1066 2672 1266 2737 infra.

468 2876 607 2945 93.
628 2916 713 2928 —
733 2876 1059 2945 Indulta
1085 2878 1163 2945 S.
1183 2877 1849 2965 congregationis
1871 2876 2236 2946 Concilii.
2258 2915 2346 2925 —
2367 2875 2639 2943 Indulta

378 2990 655 3056 oratorii
704 2990 1061 3056 domestici
1119 2992 1429 3056 concedit
1479 2992 1686 3056 etiam
1734 2990 1802 3056 S.
1851 2991 2309 3079 Congregatio
2351 2990 2639 3056 Concilii

378 3128 535 3170 curn
587 3103 911 3170 clausulis
966 3104 1459 3193 aliquantisper
1508 3106 1832 3188 diversiS,
1886 3128 2036 3193 quae
2090 3104 2324 3171 sedulo
2377 3104 2638 3171 attendi

377 3217 662 3299 debent;
694 3218 803 3284 hic
830 3218 1113 3307 subjicio
1136 3226 1443 3283 tenorem
1480 3220 1724 3283 horum
1763 3219 2181 3285 indultorum
2221 3242 2372 3307 quae
2412 3219 2637 3285 solent

376 3356 526 3398 esse
566 3332 652 3398 ad
689 3340 961 3421 tempus
995 3352 1010 3400 :

470 3474 502 3507 «
548 3447 651 3512 Ex
690 3470 881 3512 sacra
920 3446 1464 3535 Congregatione
1505 3446 1816 3513 Concilii.
1853 3487 1937 3500 —
1976 3446 2361 3512 Postulanti
2389 3446 2478 3512 N.
2513 3446 2628 3527 N.‚

374 3568 451 3625 ut
491 3562 561 3625 in
597 3562 863 3649 privato
918 3585 1057 3626 suae
1111 3562 1353 3627 domus
1404 3562 1697 3627 oratorio
1751 3568 2062 3627 sanctum
2113 3563 2338 3626 missae
2382 3561 2630 3626 sacrifi-

373 3675 555 3740 cium
593 3675 931 3740 celebrare
976 3676 1122 3763 (vel
1161 3676 1486 3741 celebrari
1525 3675 1780 3764 facere)
1813 3677 2032 3763 possit
2070 3675 2158 3740 ob
2181 3678 2286 3742 ²...
2331 3676 2631 3742 Sanctis-

372 3790 588 3855 simus
640 3790 975 3854 Dominus
1013 3790 1283 3873 Noster,
1346 3797 1608 3855 attenta
1665 3790 2251 3855 commendatione
2307 3790 2392 3856 N.
2448 3791 2624 3873 N...,

374 3904 668 3992 benigne
699 3904 969 3984 annuit3
1007 3911 1074 3968 et
1104 3904 1209 3969 his
1240 3906 1308 3971 S.
1347 3906 1601 3993 Congr.
1638 3905 1845 3970 Conc.
1883 3905 2249 3969 committit
2285 3905 2371 3972 N.
2405 3905 2550 3971 N...
2577 3904 2621 3988 ³,

434 4068 452 4101 ¹
490 4066 570 4115 Cf.
599 4066 799 4115 Bened.
828 4066 973 4126 XIV,
1005 4068 1215 4129 encycl.
1248 4068 1472 4133 Magno,
1506 4072 1557 4127 §g
1590 4074 1770 4116 19-22.

434 4146 459 4181 ²
492 4144 596 4194 Hic
624 4146 848 4207 ponitur
874 4160 1036 4194 causa
1065 4146 1319 4209 allegata,
1346 4163 1396 4194 v.
1424 4163 1495 4210 g..
1528 4151 1589 4196 ut
1618 4148 1671 4195 in
1701 4147 1916 4196 indulto
1953 4146 2059 4195 diei
2089 4152 2118 4193 9
2147 4161 2260 4209 apr.
2294 4151 2443 4204 1902,
2478 4148 2626 4209 quod

372 4222 475 4271 sub
504 4223 677 4271 oculis
706 4223 908 4282 habeo,
943 4244 967 4267 «
999 4224 1071 4271 ob
1100 4224 1416 4274 distantiam
1447 4225 1515 4273 ab
1546 4225 1776 4274 ecclesie
1799 4225 2034 4287 publica.
2069 4245 2092 4270 n

436 4302 459 4335 ³
491 4301 773 4351 Committi
804 4302 945 4351 solet
970 4303 1229 4366 episcopo
1260 4302 1543 4353 Ordinario
1569 4304 1701 4363 loci,
1733 4308 1796 4352 ut
1827 4302 1960 4353 ibid.
