3192 5025
504 518 595 568 DE
633 517 1178 568 CONSECRATIONE
1215 519 1298 568 ET
1335 519 1823 570 BENEDICTIONE
1861 521 2315 574 ECCLESIARUM
2476 523 2541 578 35

285 663 506 727 valide
521 681 552 744 ,⁸
589 661 710 726 sed
741 684 877 725 non
906 660 1088 727 licite
1107 714 1121 741 ,
1157 661 1290 726 nisi
1320 661 1651 728 habeatur
1685 665 2058 751 apostolica
2089 667 2505 756 dispensatio
2526 721 2541 750 ‚

285 775 610 864 quamvis
661 775 921 862 aliqua,
979 774 1089 839 vel
1141 775 1368 840 omnia
1419 775 1659 842 altaria
1713 777 1859 866 jam
1911 790 2303 845 consecrata
2359 805 2547 870 repe-

285 890 588 964 riantur:
635 888 922 975 ideoque
969 888 1345 953 servandus
1391 891 1669 954 omnino
1708 898 1814 956 est
1859 892 2025 956 ordo
2073 894 2329 960 rituum
2370 897 2547 961 Pon-

287 1003 562 1068 tificalis
591 1002 910 1082 Romani,
943 1009 1021 1066 ut
1061 1001 1416 1089 integritas
1457 1005 1983 1070 consecrationis
2020 1008 2468 1094 perficiatur¹.
2513 1035 2545 1070 »

288 1116 396 1182 Cf.
442 1115 648 1181 etiam
689 1115 1102 1180 decisionem
1142 1115 1211 1179 in
1251 1115 1536 1200 Fanen.‚
1585 1118 1665 1183 17
1698 1117 1878 1205 junii
1919 1119 2113 1198 1843,
2162 1121 2248 1186 ad
2287 1123 2393 1187 2².

380 1231 456 1293 2⁰
491 1230 592 1294 De
629 1231 1120 1294 consecratione
1149 1229 1468 1316 plurium
1507 1231 1836 1295 altarium
1886 1233 2066 1299 intra
2106 1238 2547 1300 consecratio-

287 1366 446 1407 nem
488 1343 699 1429 ipsius
736 1342 1042 1407 ecclesiae.

381 1457 584 1538 Quod
630 1456 927 1544 possint,
971 1457 1152 1522 intra
1200 1457 1372 1522 ritus
1418 1459 1945 1524 consecrationis
1998 1461 2333 1544 ecclesiae,
2386 1485 2549 1526 con-

287 1571 544 1636 secrari
572 1571 784 1656 plura
832 1570 1105 1652 altaria,
1150 1570 1408 1635 nemini
1448 1570 1730 1636 dubium
1779 1595 1929 1637 esse
1976 1581 2232 1660 potest,
2278 1582 2425 1640 tum
2465 1599 2549 1641 ex

285 1708 422 1750 usu
459 1683 840 1763 communi,
884 1690 1034 1747 tum
1072 1707 1158 1748 ex
1205 1706 1352 1770 cap.
1399 1685 1576 1748 Cum
1613 1686 1737 1768 sis,
1783 1687 1857 1767 5,
1902 1686 2004 1752 DE
2044 1707 2549 1754 cossEannour.

283 1818 629 1878 Bccnnsuz,
667 1797 734 1862 in
775 1819 907 1884 quo
948 1796 1196 1863 dicitur
1229 1817 1244 1864 :
1290 1824 1322 1857 «
1361 1797 1649 1863 Noveris
1688 1799 1869 1886 quod
1900 1801 2136 1885 plura,
2175 1803 2243 1866 in
2280 1802 2549 1867 ecclesia

290 1935 462 1996 una,
514 1912 797 1994 altaria,
848 1911 1058 1975 simul
1092 1912 1356 1996 poteri-3
1402 1933 1814 1976 consecrare.
1854 1940 1887 1974 »
1929 1951 2019 1962 —-
2056 1914 2243 1979 Tunc
2282 1923 2543 1996 autem,

287 2027 350 2092 si
418 2026 652 2114 plures
722 2024 860 2090 sint
921 2024 1252 2112 episcopi,
1322 2025 1681 2112 episcopus
1748 2033 2179 2092 consecrator
2248 2029 2549 2094 ecclesiae

286 2138 717 2206 consecrabit
765 2139 976 2204 altare
1026 2139 1281 2226 majus„
1325 2145 1395 2202 et
1431 2138 1564 2204 alia
1612 2138 1850 2204 altaria
1897 2141 2353 2207 consecranda
2400 2143 2550 2208 aliis

287 2254 720 2320 committere
757 2252 1008 2339 poterit
1045 2251 1415 2340 episcopiS‚
1457 2257 1536 2316 ut
1575 2251 1740 2316 olim
1777 2253 1987 2338 vulgo
2026 2252 2231 2319 fiebat
2251 2256 2295 2320 ³.

379 2369 448 2434 3⁰
485 2367 585 2431 De
623 2367 1068 2431 celebratione
1109 2366 1322 2430 missae
1363 2366 1432 2429 in
1471 2367 1963 2431 consecratione
2000 2368 2303 2433 ecclesiae.

379 2505 442 2547 a.
490 2480 704 2546 Missa
737 2479 1070 2545 celebrat-i
1107 2479 1334 2563 dehet,
1376 2486 1532 2567 post
1578 2486 1924 2566 peractam
1974 2481 2275 2546 ecclesiae
2314 2504 2549 2548 conse-

286 2596 697 2675 crationem,
739 2602 817 2658 ut
854 2600 1123 2659 constat
1159 2594 1307 2680 ipso
1349 2594 1737 2678 Pontificali
1772 2595 2103 2677 Romane,
2147 2595 2328 2683 quod
2370 2596 2549 2661 hunc

285 2710 500 2775 ritum
548 2708 727 2773 inter
774 2707 942 2772 alios
990 2706 1263 2788 inserit;
1317 2707 1502 2795 quod
1547 2708 1844 2773 maxime
1894 2715 2222 2773 consonat
2268 2709 2549 2797 antiquo

285 2823 478 2904 usui,
522 2828 601 2887 ut
637 2826 826 2908 patet
864 2844 948 2885 ex
987 2842 1190 2907 supra
1226 2819 1458 2901 dictis,
1503 2844 1569 2885 n.
1621 2821 1725 2889 10
1750 2824 1793 2887 ⁴.

378 2938 448 3003 h.
499 2934 814 3000 Pontifex
864 2956 1268 2999 consecrans
1315 2940 1586 2998 tenetur
1614 2957 1747 3020 per
1780 2958 1849 2998 se
1888 2934 2112 3020 ipsum
2160 2934 2334 2999 hanc
2382 2936 2546 2999 mis-

287 3074 438 3115 sam
497 3048 870 3129 celebrare,
928 3048 1060 3111 nisi
1121 3047 1211 3111 sit
1270 3047 1556 3112 nimium
1619 3046 1975 3135 fatigatuS,
2038 3048 2219 3135 quod
2280 3056 2548 3114 constat

288 3164 532 3231 eodem
593 3168 789 3227 textu
843 3160 1263 3245 Pontificalis
1303 3182 1328 3225 .·
1382 3188 1413 3221 «
1460 3161 1649 3225 Tunc
1708 3161 1852 3225 exit
1904 3160 2223 3226 Pontifex
2277 3162 2547 3227 missam

289 3278 762 3343 celebraturus
773 3294 804 3357 ,·
843 3274 902 3339 si
938 3298 1133 3355 vet-0,
1175 3276 1511 3359 satiqatus
1552 3274 1786 3357 nimia,
1829 3274 2168 3339 celebrare
2216 3275 2542 3357 noluerit,

287 3393 462 3478 facit
539 3390 816 3455 missam
879 3388 1271 3453 solemniter
1320 3410 1451 3473 per
1519 3388 1821 3473 aliquem
1882 3388 2295 3453 sacerdotem
2370 3387 2545 3452 eele-

289 3505 498 3571 brari.
537 3532 569 3566 »
601 3501 832 3582 Unde,
870 3507 1062 3567 extra
1091 3524 1323 3566 casum
1364 3501 1588 3564 nimiae.
1620 3499 2147 3585 defatigationi5‚
2184 3500 2547 3589 requiritur

353 3710 371 3743 ¹
409 3707 640 3757 Decreta
669 3705 842 3762 auth„
871 3720 923 3753 n.
951 3708 1090 3762 3907,
1117 3707 1155 3752 t.
1188 3719 1258 3762 111,
1291 3718 1344 3766 p.
1376 3702 1638 3753 305.-1n
1666 3704 1767 3751 hoc
1798 3705 1918 3751 toto
1948 3716 2188 3759 numero,
2214 3717 2320 3771 non
2351 3703 2542 3765 agitur,

289 3792 350 3837 ut
379 3790 562 3851 patet,
595 3786 700 3833 nisi
728 3785 796 3833 de
824 3784 984 3833 altari
1012 3782 1138 3831 fixo.

349 3866 374 3900 ²
409 3863 637 3914 Decreta
667 3862 840 3921 auth.⁸
873 3877 926 3909 n.
955 3866 1102 3919 2862,
1136 3863 1174 3908 1..
1205 3876 1266 3919 ιι,
1299 3875 1351 3922 p.
1384 3864 1492 3907 315.

352 3944 376 3979 ³
407 3944 686 4002 Max-tene,
715 3940 790 3989 De
813 3939 1060 4004 antiquis
1083 3938 1337 3989 Ecclesia·
1369 3936 1594 3995 ritibus,
1630 3936 1724 3984 lib.
1750 3935 1817 3995 11,
1850 3952 1896 3984 c.
1929 3952 2046 3995 xm,
2075 3952 2126 3983 n.
2159 3940 2261 3995 2-5,
2296 3936 2543 3993 Bassani,

291 4028 442 4081 1788,
471 4026 515 4072 t.
547 4036 612 4081 u,
645 4036 699 4084 p.
732 4024 987 4068 240-241.

349 4104 372 4134 ⁴
399 4102 532 4151 Can.
560 4102 758 4149 Omnes
785 4097 1042 4153 basilicae,
1063 4103 1107 4157 3,
1136 4098 1265 4145 dist.
1299 4095 1339 4152 1,
1371 4096 1454 4144 De
1479 4108 1921 4153 cousncnxuoxm
1946 4094 2036 4156 qui
2068 4108 2100 4141 a
2123 4094 2315 4142 multis
2344 4095 2545 4156 allega·

291 4186 396 4239 tur,
416 4178 770 4244 apocryphus
795 4180 896 4235 est,
913 4177 1090 4239 quoad
1114 4178 1324 4238 partem
1347 4189 1468 4236 quae
1495 4174 1562 4221 ad
1587 4188 1700 4222 rem
1724 4177 2047 4236 praesentem
2072 4173 2334 4235 pertinen
2366 4174 2545 4234 quoad

289 4264 489 4315 cetera,
521 4259 848 4319 desumptus
891 4259 974 4304 est
1012 4268 1076 4303 ex
1117 4253 1289 4317 Capit.
1343 4252 1729 4301 wormatiensi
1773 4252 1899 4315 (anf
1930 4254 2075 4312 829),
2122 4266 2169 4300 c.
2216 4265 2298 4311 ιιι;
2336 4251 2542 4313 Migne,

291 4338 350 4387 P.
383 4338 462 4395 L„
495 4340 536 4386 t.
569 4350 742 4393 xcvii,
776 4335 879 4383 col.
907 4338 1015 4381 631.
