3192 5025
1397 1256 1829 1340 CAPUT
1904 1258 2050 1339 III

1035 1732 1137 1785 DE
1203 1730 1683 1787 ORATORIIS
1750 1732 2431 1787 SEMI-PUBLICIS

774 2288 812 2363 ξ
853 2289 914 2346 1.
961 2290 1066 2348 De
1103 2290 1341 2348 variis
1379 2290 1789 2363 generibus
1829 2290 2107 2347 horum
2146 2290 2680 2349 oratoriorum.

686 2527 824 2596 98.
864 2567 952 2576 —
1003 2527 1239 2596 Notio
1289 2527 1716 2616 generalis.
1755 2565 1846 2574 —
1894 2527 2099 2592 Juxta
2156 2526 2339 2592 dieta
2398 2526 2469 2592 in
2532 2529 2879 2616 superiori

591 2642 851 2730 capite,
895 2641 1228 2729 episcopi,
1272 2649 1430 2707 ante
1477 2640 1843 2706 concilium
1880 2639 2387 2722 Tridentinum,
2438 2642 2876 2732 amplissima

596 2762 938 2844 potestate
993 2755 1392 2822 fruebantur
1444 2754 1851 2842 designandi
1902 2761 1971 2818 et
2024 2754 2395 2841 deputandi
2449 2755 2597 2820 loca
2654 2755 2879 2821 sacri-

599 2869 764 2950 ficii,
816 2892 1059 2957 nempe
1107 2868 1460 2951 ecclesiam,
1515 2869 1810 2933 oratoria
1864 2867 2137 2957 publiea
2191 2876 2258 2933 et
2310 2869 2518 2934 etiam
2568 2870 2873 2936 oratoria

595 2983 860 3072 privata
897 2982 1342 3071 ubicumque;
1388 2983 1457 3047 vi
1505 2990 1735 3048 autem
1784 3004 1973 3048 conc.
2010 2982 2224 3064 Trid.‚
2270 2982 2542 3048 decreto
2592 2981 2873 3058 Quanta

594 3120 795 3178 cura,
849 3119 1017 3162 sess,
1072 3096 1295 3178 XXII,
1348 3097 1446 3160 De
1503 3097 1939 3162 observandis
1994 3098 2062 3161 in
2114 3098 2560 3162 celebratione
2610 3097 2865 3182 missae,

593 3211 838 3275 horum
887 3217 1192 3299 potestas
1253 3233 1618 3299 suppressa
1678 3217 1784 3276 est
1844 3211 2072 3298 quoad
2124 3211 2415 3277 oratoria
2469 3211 2736 3300 privata
2794 3213 2873 3276 ἰη

597 3324 879 3413 privatis
906 3323 1246 3407 domibus,
1283 3347 1404 3389 seu
1431 3324 1660 3412 quoad
1688 3325 1983 3390 oratoria
2010 3327 2243 3390 stricte
2272 3326 2670 3410 domestica;
2696 3347 2869 3412 ergo

596 3438 921 3504 remansit
944 3437 1168 3526 quoad
1195 3437 1326 3502 alia
1351 3437 1578 3502 omnia
1597 3490 1613 3520 ‚
1646 3444 1747 3519 et,
1778 3439 1847 3503 in
1878 3439 2125 3526 specie,
2157 3438 2385 3526 quoad
2410 3439 2705 3503 oratoria
2729 3437 2875 3526 pri-

597 3558 754 3616 vata
782 3552 850 3615 in
877 3552 1190 3616 domibus
1231 3574 1364 3616 non
1393 3552 1708 3638 privatis.
1748 3552 1848 3616 De
1876 3551 1981 3616 his
2021 3574 2181 3638 ergo
2222 3553 2542 3617 oratoriis
2569 3552 2871 3638 privati-3

600 3665 668 3727 in
724 3665 1037 3730 domibus
1097 3688 1231 3730 non
1278 3666 1570 3750 privatis
1625 3665 1811 3753 (quae
1859 3672 2192 3731 vocantur
2248 3666 2613 3755 aliquando
2657 3667 2871 3730 semi-

586 3776 933 3864 puhlica)‚
976 3777 1084 3842 hie
1131 3779 1418 3864 agimus,
1465 3778 1575 3844 Sic
1624 3785 1853 3844 autem
1902 3778 1972 3844 in
2019 3802 2269 3866 genere
2308 3779 2787 3846 deseribuntur
2824 3801 2869 3844 a

553 3957 558 3968 ,
601 3890 671 3956 S.
715 3890 996 3956 Rituum
1036 3891 1318 3978 Congu,
1377 3899 1495 3957 aut
1529 3891 1759 3978 potius
1810 3891 1895 3958 ab
1934 3893 2082 3980 ipso
2121 3895 2322 3960 Rom.
2370 3893 2731 3974 Pontifice,
2790 3893 2867 3958 in

599 4003 870 4069 decreto
909 4004 970 4067 A
1010 4027 1235 4088 sacra,
1279 4004 1364 4070 23
1395 4004 1541 4092 jan.
1590 4003 1764 4072 1899
1800 4025 1817 4072 ε
1864 4032 1895 4067 «
1933 4007 2422 4073 Sanctissimus
2462 4009 2543 4072 D.
2588 4007 2675 4072 N.
2720 4007 2866 4072 Leo

601 4117 786 4203 Papa
823 4116 1066 4183 XIII...
1104 4118 1344 4182 statuit
1380 4125 1448 4182 et
1477 4116 1851 4184 declaravit
1884 4137 1897 4184 ε
1934 4121 2223 4185 oratoria
2264 4118 2742 4208 semi-publica
2782 4143 2871 4187 ea

591 4252 781 4312 esse,
824 4252 1007 4317 quae,
1050 4231 1172 4295 etsi
1212 4232 1280 4294 in
1323 4232 1463 4295 loco
1502 4233 2003 4317 quodammodo
2034 4235 2306 4318 privato
2346 4235 2451 4298 vel
2490 4257 2620 4300 non
2660 4234 2871 4300 abso-
