3192 5025
1158 1293 1590 1375 CAPUT
1664 1293 1740 1372 V

313 1694 409 1748 DE
458 1694 643 1748 JURE
684 1694 1020 1749 SPECIALI
1062 1695 1324 1760 QUOAD
1376 1696 1664 1750 PLURES
1711 1697 2041 1751 ORDINES
2090 1697 2570 1753 CLERICORUM

993 1826 1085 1880 ET
1140 1827 1401 1892 QUOAD
1461 1827 1906 1884 RELIGIOSOS

553 2265 591 2339 ἓ
631 2271 695 2323 1.
740 2267 846 2324 De
884 2265 1053 2336 lure
1094 2266 1409 2339 speciali
1448 2268 1693 2338 quoad
1733 2269 1992 2340 plures
2031 2268 2340 2326 ordines

1207 2362 1689 2421 elericorum.

402 2558 596 2626 173.
638 2596 724 2609 —
763 2558 1169 2627 Romanus
1217 2560 1601 2645 pontifex.
1640 2598 1730 2606 —
1769 2558 1840 2623 Si
1878 2560 2206 2623 moriatur
2242 2559 2313 2622 in
2350 2557 2565 2638 Urbe,

306 2693 449 2736 non
506 2670 725 2735 electa
782 2671 1165 2760 sepultura,
1228 2672 1556 2759 sepelitur
1610 2673 1680 2737 in
1736 2672 2017 2737 basilica
2078 2672 2444 2751 Vaticana3
2514 2672 2571 2736 si

309 2791 502 2851 extra
567 2784 855 2867 Urbem,
916 2808 1040 2851 neo
1100 2786 1187 2851 ad
1243 2785 1433 2851 illam
1492 2786 1712 2875 possit
1778 2785 2053 2869 deferri,
2115 2786 2442 2874 sepelitur
2502 2786 2570 2849 in

308 2898 595 2965 ecelesia
633 2898 1094 2989 principaliori
1132 2900 1263 2965 loci
1282 2903 1326 2966 ¹.
1352 2916 1355 2919 ’

403 3135 596 3202 174.
627 3172 715 3183 -
753 3134 1155 3221 Episcopi.
1188 3172 1273 3185 —
1305 3134 1377 3200 Si
1414 3135 1744 3200 moriatur
1782 3136 2140 3223 episcopus
2181 3158 2317 3199 non
2357 3135 2572 3201 electa

310 3245 695 3335 sepultura,
749 3248 1020 3336 sepeliri
1072 3247 1273 3313 debet
1324 3249 1393 3313 in
1446 3271 1567 3313 sua
1621 3248 1906 3314 ecclesia
1958 3248 2361 3329 cathedrali,
2420 3273 2570 3338 quae.

309 3368 419 3425 est
479 3360 625 3448 ejus
687 3382 972 3449 sponsa3
1042 3362 1135 3427 ita
1190 3361 1595 3427 universalis
1652 3361 2070 3427 consuetudo
2136 3370 2204 3429 et
2265 3363 2403 3428 fere
2456 3362 2571 3448 jus

310 3474 675 3561 seriptum,
712 3473 799 3539 ob
834 3476 1229 3564 praescripta
1272 3476 1772 3540 Caeremonialis
1808 3475 2306 3561 episcoporum,
2350 3475 2566 3563 quod,

309 3586 429 3652 lib.
477 3585 573 3668 ΙΙ,
619 3610 677 3652 c.
724 3608 1018 3671 xxxvm,
1064 3589 1342 3653 omnino
1382 3587 1708 3677 supponit
1746 3588 1889 3654 fieri
1929 3587 2135 3655 funus
2177 3589 2246 3652 in
2287 3587 2570 3653 ecclesia

312 3700 763 3782 cathedrali²;
834 3700 1016 3767 unde
1094 3704 1299 3768 etiam
1374 3703 1733 3792 praefertur
1806 3702 2091 3768 ecclesia
2166 3702 2570 3768 cathedralis

312 3814 627 3903 sepulcro
666 3816 1024 3904 majorum.
1067 3854 1157 3867 —
1194 3816 1266 3883 Si
1314 3817 1643 3883 moriatur
1690 3818 2048 3905 episcopus
2096 3824 2288 3882 extra
2336 3816 2570 3880 civita-

373 4016 390 4049 ¹
431 4014 512 4065 cr.
544 4015 730 4073 Petra,
752 4016 817 4065 tn
838 4018 1007 4067 const.
1031 4016 1091 4066 ιι
1114 3994 1346 4066 Honor-ii
1368 4016 1468 4075 111,
1500 4034 1552 4067 n.
1576 4023 1654 4078 27,
1678 4024 1720 4068 t.
1751 4035 1811 4077 ιι,
1845 4035 1896 4082 p.
1931 4024 2047 4078 211;
2071 4046 2132 4056 -
2150 4019 2390 4075 Momm,
2425 4016 2568 4065 cna.-

304 4094 483 4159 pelles
506 4094 759 4159 papales,
794 4098 932 4157 part.
966 4093 1045 4153 ΙΙ,
1076 4109 1120 4143 c.
1156 4110 1227 4154 xv,
1260 4096 1399 4144 trad.
1430 4095 1700 4155 Manava,
1734 4097 1911 4155 Paris,
1945 4100 2091 4156 1846,
2121 4112 2174 4160 p.
2206 4099 2446 4145 137-142.

370 4172 395 4208 ²
428 4172 543 4221 Nec
569 4171 803 4221 debetur
819 4174 1019 4237 quar-la
1042 4170 1318 4233 funeralis
1342 4175 1541 4223 rectori
1567 4175 1865 4237 parochiae,
1889 4176 2032 4224 intra
2055 4176 2210 4239 cujus
2229 4174 2364 4222 fines
2387 4174 2572 4222 deces-

312 4250 382 4300 sit
410 4250 731 4313 episcopua,
764 4251 891 4313 quia
918 4266 1115 4313 nempe
1143 4251 1433 4314 episcopus
1458 4253 1593 4301 nulli
1621 4253 1861 4315 parocho
1887 4256 1972 4302 est
1995 4252 2293 4315 subjectus·
2321 4250 2400 4302 Cf.
2432 4251 2570 4300 Mar-

314 4329 514 4387 chetfi,
548 4328 645 4377 loc.
676 4326 789 4385 cit„
818 4328 902 4377 tit.
935 4344 1160 4389 xxxvm,
1189 4344 1241 4377 n.
1273 4334 1333 4377 69
1363 4344 1444 4393 sq.
