3192 5025
647 461 756 519 224
1528 466 1618 515 DE
1653 464 2021 518 ALTARIBUS

739 632 804 675 a.
849 606 1076 688 Quum
1124 616 1538 697 quaereretur
1591 632 1633 673 a
1694 608 1763 675 S.
1820 608 2073 697 Congr.
2134 608 2434 697 Indulg.,
2489 612 2658 700 quid
2702 611 2904 677 intel-

650 723 962 804 lexisset,
1024 724 1295 810 quando
1353 722 1777 788 declarabat¹
1833 723 2045 789 altare
2092 724 2601 812 privilegiatum
2668 727 2907 791 debere

652 838 1017 903 necessario
1066 860 1203 902 esse
1259 840 1482 922 fixum
1541 836 1739 923 (licet
1798 836 2001 924 hujus
2062 837 2371 926 requisiti
2423 840 2610 905 nulla
2652 840 2907 904 mentio

650 952 843 1017 fieret
901 949 971 1015 in
1034 950 1324 1039 supplici
1390 949 1624 1016 libello
1700 974 1825 1015 nec
1880 952 1951 1016 in
2016 953 2415 1041 rescripto),
2494 955 2905 1041 respondit:

652 1092 684 1126 «
730 1063 1006 1130 Sacram
1055 1063 1306 1151 Congr.
1359 1063 1779 1130 intellexisse
1834 1064 2049 1131 altare
2098 1067 2313 1131 fixum
2365 1067 2677 1155 quidem,
2724 1067 2911 1155 quod

647 1202 688 1245 a
731 1179 870 1243 loco
915 1178 1243 1244 dimoveri
1296 1200 1428 1243 non
1460 1180 1709 1265 possit,
1750 1179 1871 1243 sed
1916 1202 2050 1244 non
2096 1189 2319 1245 tamen
2357 1184 2561 1268 cujus
2594 1183 2913 1267 superior

635 1316 809 1380 pars
851 1294 986 1358 sive
1029 1314 1256 1357 mensa
1296 1294 1385 1357 sit
1437 1315 1520 1356 ex
1569 1294 1835 1379 inteqro
1878 1292 2131 1379 lapide,
2178 1295 2282 1359 vel
2328 1296 2491 1361 adeo
2530 1295 2709 1360 calce
2758 1318 2913 1361 con-

627 1409 910 1495 juncta,
957 1415 1032 1471 ut
1074 1406 1244 1493 lapis
1283 1415 1709 1471 consecratus
1736 1409 2035 1472 amoveri
2072 1430 2206 1473 non
2234 1409 2454 1494 possit
2470 1412 2515 1475 ².
2558 1436 2591 1469 υ

735 1522 804 1587 h.
850 1520 928 1585 ln
975 1520 1302 1608 rescripto
1351 1518 1510 1585 dato
1561 1543 1684 1608 pro
1742 1521 2269 1609 congregatione
2318 1522 2911 1589 Missionariorum

646 1633 1048 1701 Oblatorum
1099 1635 1176 1700 B.
1235 1632 1328 1699 M.
1377 1634 1490 1713 V.‚
1545 1634 1653 1698 die
1692 1634 1777 1699 26
1816 1635 2041 1700 martii
2084 1634 2287 1717 1867,
2342 1659 2551 1725 quum
2599 1638 2916 1725 superior

644 1748 982 1837 generalis
1019 1748 1398 1813 anxietates
1435 1755 1504 1813 et
1540 1746 1746 1811 dubia
1785 1750 2254 1837 proposuisset
2288 1750 2465 1816 circa
2502 1750 2912 1839 qualitatem

643 1863 884 1929 altaris
935 1862 1093 1947 fixi,
1159 1861 1441 1926 relative
1503 1861 1589 1926 ad
1647 1862 1860 1927 altare
1918 1863 2458 1950 privilegiatum,
2520 1863 2665 1929 haec
2728 1865 2913 1931 dieta

645 1983 804 2041 sunt
853 1995 869 2043 ε
928 2003 958 2037 «
1023 1976 1125 2041 Ne
1176 1982 1406 2041 autem
1468 1974 1748 2040 dubium
1810 1977 1987 2041 circa
2039 1977 2443 2065 qualitatem
2495 1978 2736 2043 altaris
2796 1980 2914 2044 fixi

644 2090 1009 2171 exoriatur,
1041 2088 1377 2155 Sanctitas
1406 2088 1541 2155 Sua
1579 2090 1773 2171 (Pius
1814 2089 1933 2179 IX)
1976 2091 2188 2156 edixit
2215 2098 2285 2158 et
2321 2091 2733 2174 declaravit,
2774 2093 2913 2158 suf-

641 2206 840 2270 ficere
878 2204 965 2269 ad
1005 2204 1552 2269 constituendam
1593 2203 1995 2293 qualitatem
2036 2204 2271 2270 altaris
2308 2205 2459 2286 fixi,
2502 2212 2613 2285 ut,
2660 2208 2731 2271 in
2777 2231 2911 2272 me-

642 2318 754 2383 dio
801 2318 1041 2383 altaris
1095 2318 1361 2382 stabilis
1422 2326 1487 2382 et
1549 2318 2036 2401 inamovibilis‚
2092 2319 2243 2383 licet
2308 2341 2443 2383 non
2494 2322 2907 2405 consecrati,

644 2433 816 2519 lapis
852 2441 1275 2497 consecratus
1317 2433 1521 2496 etiam
1558 2432 1941 2497 amovibilis
1970 2435 2337 2518 ponatur-³.
2396 2460 2427 2493 »
2475 2433 2673 2500 Unde
2717 2434 2911 2499 nulla

639 2555 868 2636 potest
906 2569 1054 2612 esse
1094 2547 1462 2611 difficultas
1493 2547 1575 2610 de
1608 2569 1767 2610 vero
1808 2568 2013 2611 sensu
2054 2546 2287 2612 altaris
2326 2547 2466 2612 fixi.

729 2685 785 2728 c.
833 2661 1056 2741 Quum
1097 2667 1512 2749 quaereretur
1551 2683 1588 2724 a
1630 2659 1701 2726 S.
1739 2659 1993 2747 Congr.
2042 2659 2341 2747 Indulg.:
2386 2688 2419 2720 «
2476 2661 2531 2726 l.
2574 2661 2690 2726 An
2731 2662 2911 2751 lapis

639 2774 1039 2862 simpliciter
1076 2780 1540 2856 consecratuS,
1585 2796 1791 2862 quem
1820 2774 2032 2838 altare
2063 2774 2389 2859 portatile
2419 2797 2539 2839 seu
2579 2775 2909 2842 viaticum

640 2895 910 2968 vocant,
956 2888 1312 2976 privilegio
1344 2887 1639 2974 gaudere
1678 2888 1935 2976 possit?
1959 2927 2047 2936 ——
2077 2887 2141 2952 2.
2190 2887 2400 2954 Estne
2440 2889 2907 2954 necessarium

637 3007 716 3066 ut
759 3001 972 3065 altare
1012 3002 1101 3066 sit
1148 3003 1359 3066 fixum
1405 3003 1642 3066 stricto
1679 3024 1877 3065 sensu
1930 3002 2250 3087 liturqico
2287 3001 2589 3090 (scilicet
2627 3025 2714 3067 ex
2756 3011 2905 3068 toto

637 3114 984 3201 lapideum
1040 3123 1110 3179 et
1170 3114 1364 3202 cujus
1437 3137 1673 3179 mensa
1742 3115 1943 3178 unico
2010 3121 2280 3179 tantum
2340 3123 2610 3181 constet
2676 3115 2907 3205 lapide

637 3228 1024 3294 immediate
1077 3228 1424 3317 stipitibus
1472 3228 1873 3315 conjunctu,
1928 3235 1997 3292 et
2044 3227 2591 3316 consecratum),
2638 3230 2726 3294 ad
2777 3229 2906 3294 hoc

635 3350 714 3407 ut
748 3342 1106 3432 privilegio
1133 3341 1435 3407 decorari
1474 3343 1745 3407 valeat?
1772 3380 1859 3391 —
1890 3341 1952 3407 3.
1990 3343 2099 3406 An
2142 3341 2434 3407 sufficiat
2478 3350 2551 3407 ut
2580 3343 2672 3408 sit
2694 3345 2905 3408 etiam

642 3457 976 3542 liqneum,
1031 3479 1228 3520 muro
1278 3457 1552 3522 minime
1597 3459 1994 3542 firmatum,
2048 3478 2203 3520 cum
2260 3455 2485 3544 lapide
2544 3457 2614 3520 in
2675 3456 2902 3522 medio

636 3593 892 3635 mensae
939 3575 1332 3634 consecrato
1371 3577 1439 3634 et
1481 3569 1685 3634 alicui
1742 3569 1994 3636 Sancto
2043 3567 2430 3655 specialiter
2470 3569 2823 3636 dicatum?
2867 3597 2899 3630 ι»

633 3683 1018 3770 respondit,
1056 3683 1123 3748 in
1165 3684 1556 3767 Cortonen„
1607 3683 1687 3748 18
1720 3682 1875 3770 julii
1920 3682 2089 3749 1902
2126 3702 2141 3750 :
2178 3709 2209 3742 «
2258 3681 2372 3746 Ad
2413 3681 2476 3748 1.
2529 3683 2900 3770 Neqative,·

637 3834 724 3845 —
761 3796 845 3861 ad
884 3797 950 3862 2.
994 3799 1357 3884 Neqative,·
1392 3835 1481 3846 —
1519 3797 1608 3861 ad
1645 3798 1709 3864 3.
1753 3798 1814 3861 A
1824 3797 2201 3882 ffirmative
2225 3798 2271 3862 ⁴.
2315 3823 2347 3856 ι)

701 3975 716 4008 ¹
753 3975 814 4024 In
852 3974 1125 4024 decisione
1164 3979 1222 4023 15
1261 3975 1379 4024 dcc.
1422 3979 1569 4034 1811,
1602 3975 1669 4023 ad
1707 3980 1735 4023 3
1770 3974 2027 4038 (Decreta
2061 3972 2375 4022 authentica
2408 3973 2459 4022 S.
2504 3975 2705 4039 Conqr.
2741 3975 2891 4033 Ind„

635 4054 977 4112 Ratisbonae,
1011 4059 1159 4112 1883,
1195 4069 1247 4102 n.
1281 4059 1398 4112 295,
1426 4067 1478 4117 p.
1509 4054 1649 4116 260).

695 4134 718 4168 ²
749 4133 810 4180 ln
839 4133 1111 4181 decisione
1136 4139 1195 4180 20
1227 4133 1403 4181 martii
1435 4136 1581 4191 18⁴6,
1614 4132 1683 4180 ad
1713 4136 1736 4179 1
1770 4129 1955 4196 (ibid,
1992 4146 2042 4178 n.
2076 4132 2195 4187 33⁴,
2229 4145 2282 4192 p.
2316 4131 2605 4193 284-286).

695 4211 716 4247 ²
749 4211 1028 4275 Rescripta
1055 4211 1366 4260 anthentica
1395 4211 1444 4259 S.
1481 4213 1681 4275 Conqr.
1716 4209 1856 4268 lnd„
1890 4207 2233 4266 Ratisbonoe‚
2270 4211 2417 4268 1885,
2448 4223 2501 4256 n.
2533 4211 2651 4267 405,
2686 4223 2736 4272 p.
2770 4214 2883 4258 319.

695 4291 716 4324 ⁴
751 4291 884 4339 Acta
912 4289 964 4336 S.
994 4289 1173 4348 Sedis,
1207 4293 1246 4338 t.
1279 4305 1438 4350 xxxv,
1470 4305 1523 4352 p.
1557 4295 1635 4338 62.
