3192 5025
536 399 609 454 24
761 412 1075 456 LETouzssv
1104 413 1183 455 Er
1211 401 1361 466 ΑΝΕ,
1391 398 1483 468 17,
1516 411 1646 454 nun
1677 409 1764 452 nu
1795 409 2412 468 vlsux-conousxssn,
2448 412 2638 454 mais

536 613 928 670 Lnnoux.
952 643 1018 652 —
1040 613 1143 669 La
1160 613 1871 682 Hanc—Maconnerie
1888 625 2060 667 sous
2077 611 2150 667 la
2176 611 2291 668 3¹ne
2313 611 2766 682 Republique

614 695 853 761 d’apres
882 696 973 748 les
1001 695 1274 748 discours
1305 695 1742 762 maconniques
1773 693 2112 761 prononces
2156 695 2310 747 dans
2357 707 2446 747 ies
2476 695 2650 761 loges
2681 707 2791 760 par

614 774 710 828 les
730 775 899 829 FF.·.
925 775 1215 841 Baissorn
1252 773 1413 828 Jules
1453 775 1679 842 Fennis,
1719 775 1928 828 Albert
1967 774 2197 841 Fennis,
2239 774 2323 828 LE
2363 773 2601 841 Roma,
2637 773 2790 826 FLo-

616 867 807 922 Qum,
838 855 1193 924 ANnmuux,
1226 854 1680 921 cneum-sceau,
1715 853 2068 908 Emmanuel
2091 857 2431 922 Amemus
2461 854 2786 921 illinitum,

620 935 891 1001 Causa-r,
922 935 1177 989 Anatole
1205 947 1288 989 ns
1319 947 1398 988 LA
1424 935 1656 1000 Foncu,
1707 933 1849 988 Paul
1879 935 2061 1009 BER-r,
2094 941 2244 1002 etc,
2274 933 2335 987 20
2366 935 2489 1002 ed„
2517 933 2553 986 2
2591 937 2792 987 beaux

621 1015 739 1069 vol.
774 1013 933 1068 in-12
961 1015 1041 1070 de
1070 1015 1209 1083 plus
1228 1017 1304 1069 de
1324 1013 1431 1068 450
1449 1027 1507 1083 p.
1612 1055 2572 1068 ...........
2651 1013 2685 1066 7
2715 1014 2787 1067 fr.

594 1103 679 1145 Cet
695 1113 911 1157 ouvrage,
932 1104 1100 1147 recueil
1122 1103 1291 1156 unique
1310 1103 1366 1144 de
1386 1102 1657 1144 documents
1676 1101 2016 1152 indiscutablae,
2051 1105 2122 1144 est
2140 1111 2206 1144 un
2225 1106 2492 1144 monument
2521 1101 2581 1144 de
2597 1102 2640 1144 la
2659 1102 2796 1144 haine

542 1165 778 1219 hypocrite
792 1177 879 1218 que
912 1167 958 1208 la
978 1165 1431 1220 ch·Maconnerie
1456 1169 1585 1218 porte
1613 1165 1641 1205 a
1667 1165 1714 1206 la
1743 1165 1935 1217 religion
1973 1169 2022 1207 et
2053 1166 2080 1206 a
2098 1167 2142 1206 la
2152 1165 2332 1206 sociate.
2355 1166 2456 1207 Pfis
2484 1176 2543 1206 au
2563 1164 2719 1205 milieu
2735 1164 2794 1206 de

546 1227 667 1270 mille
684 1232 853 1278 autres,
870 1229 925 1270 ils
944 1232 1021 1270 ont
1040 1228 1113 1270 ete
1132 1229 1328 1282 groupes
1347 1239 1457 1270 avec
1471 1228 1573 1270 soin
1592 1227 1650 1269 de
1668 1227 1868 1270 inaniet-e
1889 1230 1918 1269 a
1935 1228 2050 1270 taire
2062 1229 2158 1269 voir
2177 1228 2330 1270 Punite
2348 1229 2542 1281 parraite
2563 1229 2640 1281 qui
2653 1228 2798 1280 regne

546 1288 665 1331 dans
682 1293 783 1331 tout
801 1290 899 1332 leur
918 1291 1173 1334 ensemble.

601 1353 665 1394 Ce
684 1363 822 1404 genre
841 1354 898 1394 de
914 1353 1202 1406 publication,
1220 1351 1287 1394 dit
1303 1353 1347 1394 le
1368 1353 1688 1406 Polybibliim,
1715 1351 1826 1393 etait
1849 1351 2184 1405 indispensable
2199 1364 2312 1406 pour
2343 1356 2508 1394 mettre
2539 1363 2628 1393 aux
2647 1351 2798 1394 mains

544 1413 633 1456 des
652 1414 913 1468 publicistoe
930 1419 976 1458 et
994 1414 1075 1456 des
1094 1415 1298 1457 hommes
1320 1416 1577 1468 politiques,
1601 1426 1662 1456 un
1683 1414 1900 1456 veritable
1919 1414 2099 1456 arsenal
2121 1415 2178 1455 οὺ
2211 1415 2266 1456 ils
2297 1418 2566 1456 trouveront
2579 1415 2648 1456 les
2665 1414 2796 1456 meit-

545 1476 703 1519 leures
715 1488 869 1520 armes
886 1489 1001 1531 pour
1016 1477 1263 1519 confondre
1281 1478 1349 1518 les
1366 1477 1583 1518 sectaires
1603 1478 1680 1529 qui
1698 1480 1802 1517 sont
1821 1486 1883 1518 en
1899 1475 2020 1518 train
2039 1477 2098 1518 de
2115 1475 2280 1529 perdre
2297 1477 2342 1518 ia
2360 1479 2554 1518 France.

549 1574 666 1631 LE
714 1575 903 1631 ROY
949 1575 1067 1630 DE
1117 1575 1775 1630 SAINTE-CROIX.
1810 1605 1877 1614 —
1907 1575 2044 1630 Les
2089 1581 2348 1644 quatre
2397 1575 2803 1630 cardinaux

627 1651 715 1710 d'e
744 1655 995 1711 Rohan
1046 1657 1353 1724 (eveques
1398 1656 1477 1710 de
1525 1657 1950 1726 Strasbourg)‚
2001 1670 2076 1710 en
2125 1656 2350 1710 Alsace.
2393 1657 2482 1710 Un
2523 1657 2631 1723 joli
2679 1656 2797 1708 vol.

624 1751 713 1804 gr.
748 1736 895 1790 in-80
936 1737 1026 1790 br.
1136 1777 2478 1791 ...............
2555 1735 2591 1788 2
2629 1735 2700 1788 sr.
2731 1733 2806 1788 50

556 1851 580 1876 ‘¹
608 1851 901 1919 LOISY,
954 1851 1193 1904 docteur
1246 1868 1322 1904 en
1350 1851 1656 1920 the‘oloyie,
1711 1851 1918 1904 ancien
1949 1851 2286 1919 professam·
2314 1853 2350 1903 ὰ
2381 1852 2660 1904 l'lnstitut
2709 1867 2806 1902 ca-

630 1930 886 2001 tholique
914 1931 986 1984 de
1014 1930 1209 1984 Paris.
1244 1961 1311 1970 —
1375 1931 1698 1986 Histoire
1727 1930 1828 1985 du
1873 1945 2103 1986 canon
2147 1930 2237 1986 de
2282 1931 2587 1986 l’ancien
2642 1929 2806 1984 Tes-

629 2013 931 2079 tament,
956 2027 1035 2065 un
1084 2012 1327 2066 volume
1366 2011 1489 2065 in-8
1566 2053 2530 2066 ...........
2614 2011 2649 2062 5
2671 2012 2741 2065 rr.
2776 2027 2804 2060 ι

614 2099 742 2140 Gette
760 2099 944 2140 histoire
974 2111 1025 2141 se
1047 2101 1239 2152 partage
1271 2111 1329 2142 en
1358 2099 1473 2141 trois
1500 2099 1699 2152 grandes
1717 2099 1928 2152 periodes
1948 2112 1957 2140 :
1979 2099 2164 2152 periodo.
2183 2099 2240 2142 de
2256 2099 2494 2142 formation
2523 2103 2570 2140 et
2595 2099 2652 2139 de
2670 2098 2814 2151 paisi-

560 2161 635 2204 hle
652 2161 911 2214 possession
930 2161 1091 2214 depuis
1108 2161 1217 2214 qu'il
1234 2173 1263 2215 y
1282 2173 1311 2203 a
1325 2173 1385 2204 eu
1402 2173 1465 2203 un
1486 2163 1596 2204 livre
1627 2162 1812 2216 inspira,
1842 2161 2174 2210 officiellement
2197 2173 2398 2204 reconnu
2412 2173 2588 2204 comme
2607 2163 2668 2203 tel
2685 2161 2807 2202 dans

562 2223 607 2264 la
624 2224 789 2266 societe
804 2223 941 2275 juive‚
959 2224 1139 2277 jusqu’a
1156 2224 1199 2265 la
1214 2223 1277 2265 fin
1296 2223 1355 2266 du
1376 2232 1447 2266 ιιι·
1480 2224 1616 2266 siecle
1635 2225 1691 2266 de
1709 2227 1836 2265 notre
1870 2224 1948 2266 ere
1968 2236 1979 2275 ;
1996 2224 2184 2276 periodo
2201 2224 2486 2266 d'hesitation
2521 2219 2568 2266 et
2595 2225 2652 2265 de
2685 2224 2806 2265 dou-

558 2289 633 2328 tes
648 2287 859 2328 touchant
878 2287 922 2327 la
948 2286 1198 2328 canonicite
1208 2287 1294 2328 des
1312 2285 1451 2328 livres
1470 2290 1515 2328 et
1535 2287 1782 2339 fragments
1796 2287 2274 2339 deuterocanoniques,
2302 2288 2464 2340 depuis
2502 2287 2546 2327 le
2575 2293 2646 2328 lv·
2667 2285 2808 2326 siecle

554 2348 725 2402 jusque
742 2359 849 2390 vers
869 2349 909 2389 le
928 2349 1081 2390 milieu
1094 2348 1155 2390 du
1174 2357 1305 2398 xvi·;
1328 2348 1511 2400 periode
1527 2347 1844 2390 d'afflrmation
1859 2349 2154 2400 authentique
2173 2353 2221 2392 et
2238 2348 2454 2396 decisive.
2479 2347 2730 2400 inauguree
2747 2345 2810 2388 du

560 2410 741 2454 Concile
770 2411 829 2452 de
854 2413 1035 2462 Trente,
1072 2411 1303 2452 definition
1336 2411 1413 2464 qui
1441 2411 1601 2452 etablit
1619 2421 1700 2463 par
1726 2421 1790 2452 un
1819 2409 2054 2463 ingement
2071 2411 2368 2464 dogmatique
2393 2412 2439 2454 la
2455 2410 2709 2452 canonicite
2727 2410 2810 2452 des

558 2471 766 2578 livrleslet
792 2473 1043 2526 fragments
1073 2473 1301 2516 contestes
1332 2476 1379 2515 et
1394 2483 1471 2527 qui
1496 2473 1603 2515 eree
1621 2483 1702 2515 sur
1719 2484 1772 2515 ce
1787 2472 1912 2525 point
1928 2471 2082 2515 Punite
2100 2469 2328 2528 d‘opinion
2341 2484 2402 2516 au
2417 2474 2518 2516 sein
2537 2471 2596 2515 de
2627 2471 2815 2525 raguse

566 2541 639 2578 cat
670 2549 697 2579 o
714 2536 833 2590 ique.
2171 2560 2176 2565 ·

562 2634 857 2691 manuel
902 2634 991 2689 de
1036 2622 1356 2689 l’flcolier
1404 2632 1730 2689 chretien
1777 2633 2191 2701 (Nouveau),
2241 2634 2400 2687 suivi
2449 2634 2560 2689 des
2607 2635 2816 2702 regles

638 2720 1011 2770 concernant
1026 2715 1083 2768 la
1102 2714 1418 2782 politesse.
1436 2714 1712 2781 Ouvrage
1732 2714 1974 2768 destine
1995 2728 2116 2768 aux
2137 2714 2337 2767 eleves
2365 2714 2474 2769 des
2494 2715 2678 2781 petits
2707 2714 2810 2767 se-

642 2796 929 2849 minaires
958 2799 1020 2849 et
1048 2799 1257 2849 autres
1285 2794 1784 2849 etablissements
1809 2793 2117 2862 religieux,
2143 2808 2253 2861 par
2273 2808 2354 2847 un
2383 2795 2708 2861 Superieur
2731 2794 2810 2849 de

640 2876 831 2945 grand
862 2875 1205 2929 seminaire.
1236 2874 1347 2927 4¹³0
1377 2873 1523 2927 edit.
1556 2873 1720 2927 1n-18
1742 2874 1910 2942 jesus
1948 2873 2028 2928 de
2053 2872 2162 2927 350
2190 2888 2400 2943 pageS.
2436 2875 2547 2940 br.,
2587 2873 2626 2927 O
2646 2874 2716 2928 fr.
2741 2872 2816 2927 70

564 3006 839 3065 MANY
870 3008 1153 3075 (Sernp.),
1184 3008 1378 3075 presb.
1404 3004 1904 3074 Sancti-Salpini,
1928 3006 2075 3059 doct.
2104 3007 2165 3059 in
2185 3024 2299 3060 sac.
2339 3006 2646 3075 Theoloyia
2673 3014 2729 3061 et
2753 3010 2819 3062 in

639 3088 774 3142 Jur.
810 3086 1109 3154 canonico,
1136 3086 1300 3155 pros.
1335 3086 1395 3137 in
1448 3086 1640 3139 Iussit.
1675 3087 1888 3139 cathol.
1939 3084 2135 3139 Paris.
2188 3117 2253 3126 ——
2302 3087 2821 3144 Praelectiones

642 3168 829 3239 iuris
880 3166 1211 3222 canonici
1288 3168 1345 3219 in
1395 3167 1734 3221 seminario
1777 3168 2260 3236 Sancti—Sulpitii
2307 3174 2374 3223 et
2421 3170 2478 3221 in
2530 3170 2820 3224 Instituto

646 3250 951 3305 catholico
984 3248 1315 3315 parisiensi
1346 3247 1606 3301 traditae.

626 3336 868 3379 Methodus
887 3338 1042 3376 autem
1060 3346 1152 3387 qua
1172 3346 1285 3376 usus
1304 3346 1411 3377 sum
1437 3336 1483 3376 in
1504 3332 1760 3377 scribendis
1786 3334 1911 3377 hisce
1933 3334 2328 3387 praelectionibus,
2347 3340 2394 3379 et
2423 3337 2529 3379 aliis
2557 3348 2660 3391 quae
2696 3348 2804 3379 mox

576 3400 759 3441 favente
779 3400 873 3440 Deo
892 3402 1159 3450 sequentur,
1190 3398 1289 3439 hoec
1306 3402 1377 3439 cst
1399 3408 1413 3438 .·
1436 3400 1589 3449 Leges
1619 3396 1955 3439 ecclesiasticas
1979 3408 2036 3439 ex
2069 3397 2182 3450 ipsis
2219 3400 2417 3441 sontibus
2439 3400 2620 3441 haurire
2638 3399 2822 3446 curavi,

576 3462 788 3503 nimirum
808 3472 865 3503 ex
902 3460 1029 3501 libris
1053 3460 1377 3508 Decastadium,
1400 3470 1457 3501 ex
1498 3460 1908 3502 constitutionibus
1930 3460 2242 3503 Romanorum
2265 3462 2554 3513 Pontificum,
2583 3474 2638 3503 ex
2667 3461 2826 3503 Conci-

572 3522 737 3565 tiorum
761 3523 971 3573 decretis,
1018 3534 1109 3564 non
1140 3520 1474 3576 praetermissis.
1507 3521 1614 3563 data
1649 3522 1898 3570 ooeasione.
1925 3521 2139 3574 legitimis
2162 3524 2452 3578 probatisque
2489 3526 2689 3568 locorum
2718 3535 2826 3566 con·

576 3585 912 3628 suetudinibus.
946 3588 1115 3627 Harum
1152 3588 1307 3625 autem
1342 3584 1495 3636 legum
1528 3584 1738 3626 idoneam
1773 3588 1820 3626 et
1861 3584 2168 3627 authenticam
2211 3586 2631 3640 interpretationem
2670 3587 2826 3629 minis-

578 3652 776 3697 trarunt,
798 3652 897 3690 tum
928 3648 1109 3689 decreta
1133 3647 1379 3688 sacrarum
1402 3646 1715 3688 Romanarum
1738 3645 2166 3700 congregationum,
2186 3658 2288 3699 seu,
2314 3648 2358 3690 in
2383 3660 2565 3702 genere,
2599 3649 2826 3703 iurispru-

578 3711 733 3753 dentia
760 3716 931 3752 sanctae
954 3709 1089 3751 Sedis
1113 3708 1388 3761 apostolicae,
1410 3711 1508 3750 tum
1546 3709 1655 3750 item
1682 3711 1880 3761 probata
1902 3710 2197 3762 consuetudO,
2227 3712 2394 3765 quippe
2421 3724 2526 3765 quie
2557 3714 2618 3753 sit
2653 3714 2828 3765 optima

576 3774 690 3828 legis
713 3774 951 3825 interpres,
979 3776 1078 3814 tum
1103 3770 1487 3824 peritissimorum
1512 3770 1746 3813 doctorum
1769 3772 2030 3813 sententiae.
2055 3772 2250 3815 Notitiae
2273 3774 2458 3826 insuper
2483 3775 2725 3817 historicas
2753 3775 2830 3817 bic

582 3834 671 3878 illic
689 3834 888 3885 inserui:
917 3835 1083 3876 mirum
1104 3833 1223 3875 enim
1248 3836 1469 3885 qnantum
1490 3832 1604 3874 lucis
1623 3832 1786 3875 afferat
1799 3833 1890 3885 J‘uri
1916 3838 2131 3876 canonico
2154 3835 2373 3877 tradendo
2405 3848 2556 3879 rerum
2579 3837 2684 3879 olim
2718 3849 2827 3889 ges-

575 3903 731 3941 tarum
761 3897 1045 3951 experientia
1070 3908 1082 3947 ;
1112 3908 1231 3949 quas
1254 3895 1379 3938 enim
1406 3896 1531 3947 leges
1554 3906 1583 3936 a
1617 3896 1778 3948 primis
1803 3896 2021 3939 Ecclesiae
2054 3898 2237 3939 saeculis
2260 3899 2493 3941 institutas
2520 3900 2754 3953 perspicis,
2781 3904 2830 3943 et

584 3962 799 4013 deinceps
820 3972 901 4014 per
932 3958 1085 4001 varias
1109 3962 1272 3999 aetates
1296 3962 1471 3999 attente
1494 3959 1799 4011 prosequeris.
1825 3960 1970 4000 multo
1989 3959 2192 4012 penitius
2207 3960 2434 4013 intelligis,
2451 3966 2654 4004 mentem
2669 3974 2828 4005 earum

583 4025 836 4066 accuratius
860 4022 1135 4075 assequeris,
1162 4020 1297 4062 finem
1328 4020 1507 4073 plenius
1544 4019 1750 4062 intueris.
1777 4022 1911 4063 Unde
1943 4021 2043 4063 loca
2065 4024 2256 4065 Patrum
2279 4023 2529 4066 aliorumve
2552 4025 2830 4077 scriptorum

585 4086 1011 4134 ecclesiasticorum.
1038 4085 1223 4125 decreta
1246 4082 1539 4125 conciliorum
1564 4082 1702 4125 etiam
1729 4092 1854 4125 mere
1896 4084 2256 4137 particularium,
2286 4090 2418 4138 gesta
2437 4088 2578 4129 etiam
2599 4087 2831 4137 historica,

586 4160 689 4201 quze
714 4152 759 4189 et
786 4152 1011 4201 quatenus
1034 4146 1296 4187 referuntur
1328 4145 1387 4186 ad
1413 4144 1538 4197 leges
1575 4145 1924 4195 ecclesiasticas,
1951 4151 2174 4199 quantum
2198 4159 2469 4200 cognoscere
2501 4148 2640 4199 licuit,
2684 4161 2833 4203 quan-

586 4214 781 4263 tumque
804 4211 909 4251 tulit
936 4209 1137 4251 brevitas
1162 4207 1313 4249 debita
1336 4207 1700 4259 Prtelectionum,
1716 4207 1878 4249 afferre
1897 4220 1985 4249 non
2009 4210 2296 4262 praetermisi.
