3192 5025
644 498 751 552 282
1215 501 1304 551 DE
1341 500 1773 552 COEMETERIIS
1812 501 1893 551 ET
1932 501 2337 553 SEPULTURlS

641 651 939 731 spectare
964 669 1004 731 J
1017 668 1092 710 us
1121 646 1483 732 sepeliendi
1513 645 1897 710 decedentes
1928 647 1997 709 in
2037 646 2411 710 nosocomio
2442 651 2461 687 ¹
2472 665 2502 728 ‚·
2541 685 2627 698 —
2660 670 2895 712 rursus

643 759 711 823 in
763 760 1164 843 Bononien.,
1227 759 1306 824 14
1364 759 1528 824 maii
1591 757 1799 838 1881;
1856 781 2013 824 cum
2064 760 2247 824 enim
2297 759 2759 848 disputaretur
2812 761 2895 827 de

641 895 938 960 quonam
989 873 1283 962 parocho
1335 873 1631 960 intelligi
1692 873 1969 939 deberet
2020 873 2345 939 resolutio
2397 896 2509 940 an.
2558 873 2757 956 1857,
2812 875 2897 940 ad

639 986 1003 1074 quaesitum
1035 1007 1050 1054 :
1099 1014 1131 1047 «
1171 987 1289 1053 An
1329 997 1394 1052 et
1431 991 1540 1053 cui
1577 996 1912 1073 competat
1937 989 2067 1075 jus
2101 989 2477 1074 funerandi
2516 989 2586 1052 in
2626 1011 2821 1072 casu,
2858 1017 2892 1050 υ

639 1124 1043 1190 responsum
1082 1101 1257 1169 fuit:
1307 1129 1340 1164 «
1391 1101 1450 1167 A
1461 1102 1836 1188 ffirmative
1848 1153 1869 1186 ,
1914 1103 2238 1188 parochis
2276 1103 2604 1168 domicilii
2644 1104 2899 1189 desun-

638 1223 938 1300 ctorum,
975 1222 1045 1281 et
1080 1215 1376 1306 amplius
1397 1219 1464 1283 ²..
1492 1246 1524 1278 »

728 1332 796 1395 b.
842 1330 916 1397 Si
951 1354 1112 1396 vero
1143 1330 1480 1421 hospitale
1511 1331 1603 1396 sit
1632 1338 2023 1418 exemptum
2052 1331 2482 1412 (auctoritate
2521 1331 2901 1420 pontificali

641 1452 760 1511 aut
829 1443 1228 1534 episcopali,
1299 1446 1413 1511 vel
1482 1445 2047 1534 consuetudine),
2122 1445 2493 1511 videndum
2561 1452 2668 1511 est
2732 1469 2901 1510 num

641 1559 982 1648 exemptio
1013 1566 1292 1626 extensa
1329 1560 1420 1624 sit
1459 1559 1666 1626 etiam
1706 1561 1793 1626 ad
1827 1560 2065 1626 funera
2107 1577 2123 1628 ε
2176 1582 2327 1648 quae
2370 1582 2524 1625 cum
2574 1559 2665 1625 sit
2712 1583 2899 1646 quae-

637 1674 769 1739 atio
813 1675 1015 1760 facti,
1069 1675 1439 1763 spectanda
1487 1680 1650 1739 sunt
1696 1673 2108 1740 documenta
2150 1675 2265 1740 vel
2316 1674 2766 1740 consuetudo,
2812 1711 2901 1724 —

641 1788 718 1853 In
749 1787 972 1854 Gana
1009 1794 1080 1854 et
1113 1787 1424 1877 pluribus
1462 1787 1615 1854 aliis
1644 1787 2070 1876 regionibuS,
2106 1789 2329 1854 solent
2366 1787 2735 1877 hospitalia
2770 1788 2899 1853 hac

636 1903 706 1967 in
745 1924 815 1968 re
853 1904 1053 1991 plene
1084 1903 1288 1968 eximi
1326 1926 1365 1967 a
1394 1902 1871 1990 jurisdictione
1907 1903 2391 1991 parochorum,
2432 1902 2529 1967 ita
2566 1910 2645 1968 ut
2684 1902 2900 1967 solius

637 2016 728 2081 sit
764 2017 1097 2104 capellani
1127 2017 1242 2105 jus
1282 2016 1640 2082 funerandi
1664 2017 1709 2083 ³.
1753 2055 1843 2067 —
1881 2017 2078 2096 Quod
2116 2017 2175 2082 si
2213 2017 2516 2083 defuncti
2553 2014 2719 2081 alibi
2757 2016 2899 2081 ele-

635 2131 860 2217 gerint
897 2130 1320 2219 sepulturam
1357 2131 1470 2196 vel
1506 2130 1803 2196 habeant
1841 2131 2231 2220 sepulcrum
2268 2131 2637 2218 majorum,
2672 2129 2902 2218 capel-

634 2243 773 2309 lani
821 2252 926 2310 est
973 2246 1200 2311 levare
1249 2268 1528 2333 corpus,
1571 2245 1841 2333 aliaque
1890 2267 2245 2334 peragere,
2288 2268 2505 2333 usque
2549 2244 2634 2310 ad
2674 2245 2899 2310 eccle-

635 2357 808 2424 siam
845 2359 1332 2442 tumulantem‚
1375 2383 1563 2425 more
1602 2359 2075 2448 parochorum.

696 2547 715 2581 ¹
759 2546 1093 2605 Thesaurus,
1127 2552 1166 2597 t.
1199 2562 1348 2607 cxvi,
1381 2564 1434 2611 p.
1467 2552 1649 2597 72-73.

695 2626 718 2660 ²
749 2625 910 2685 thid„
942 2630 982 2675 t.
1015 2641 1138 2686 exn,
1171 2642 1223 2690 p.
1253 2632 1498 2675 391-399.
1525 2655 1579 2662 —
1612 2626 1693 2676 Cf.
1725 2628 1887 2675 etiam
1918 2626 2053 2674 Acta
2074 2624 2127 2673 S.
2158 2624 2339 2683 Sedis,
2366 2628 2406 2673 t.
2439 2640 2547 2684 xiv,
2580 2640 2631 2687 p.
2659 2628 2897 2673 346-353.

698 2704 720 2739 ²
752 2704 834 2754 Cf.
869 2704 1206 2764 Lem-eninm,
1232 2705 1332 2753 loc.
1365 2704 1476 2762 cit„
1505 2721 1557 2767 q.
1593 2720 1746 2761 cnm,
1772 2719 1821 2751 n.
1856 2709 1911 2763 63
1936 2731 1993 2740 —
2025 2703 2216 2763 Bouix,
2248 2702 2325 2752 De
2344 2702 2614 2768 par-ocho,
2638 2704 2725 2751 ed.
2750 2706 2897 2759 1867,

635 2798 687 2845 p.
719 2787 811 2831 650
842 2797 952 2846 sq.;
977 2809 1038 2820 —
1067 2782 1346 2841 Craisson‚
1378 2783 1455 2831 De
1495 2785 1547 2833 la
1573 2782 1885 2846 sepulture,
1921 2796 1971 2830 n.
2012 2786 2091 2839 87,
2125 2780 2390 2841 valence,
2430 2785 2579 2838 1868,
2622 2796 2676 2844 p.
2711 2786 2805 2839 39;
2840 2808 2895 2818 —

634 2861 880 2917 Remuli,
915 2861 1013 2910 loc.
1046 2860 1159 2920 cit„
1191 2878 1243 2909 n.
1271 2867 1387 2921 821,
1421 2878 1472 2925 p.
1507 2866 1614 2910 271.
