3192 5025
628 437 733 492 360
1196 439 1284 488 DE
1321 437 1750 488 COEMETERUS
1789 437 1872 486 ET
1909 437 2316 488 SEPULTURIS

628 583 811 673 quod
841 583 1053 648 semel
1091 582 1161 648 in
1196 604 1373 647 anno
1410 604 1548 646 non
1584 588 2028 669 susceperunt
2055 588 2479 646 sacramenta
2509 580 2868 646 confessio-

629 699 767 780 niS,
804 706 873 764 et
902 696 1395 762 communionis
1426 697 1495 760 in
1524 695 1809 784 pascha,
1844 703 1912 760 et
1947 694 2200 783 absque
2225 694 2368 760 ullo
2399 695 2596 782 siguo
2629 696 2874 759 contri-

630 811 836 878 tionis
883 810 1221 876 obierunt.
1260 839 1291 872 »
1346 809 1571 898 Ergo:
1621 809 1682 876 1.
1725 810 1875 874 Non
1926 808 2174 874 sufficit
2223 808 2584 896 aliquoties
2631 809 2876 874 omissa

632 925 839 992 fuisse
870 925 1009 990 haec
1041 931 1459 990 sacramenta
1478 976 1493 1006 ,
1526 923 1648 988 sed
1677 923 2040 1012 requiritur
2069 922 2316 1012 aliquis
2349 945 2507 988 usus
2543 945 2687 988 non
2715 923 2884 987 reci-

632 1040 859 1128 piendi
900 1061 978 1104 ea
1018 1045 1475 1118 sacramenta;
1512 1077 1600 1086 --
1636 1038 1702 1104 2.
1749 1039 1897 1103 Duo
1927 1039 2204 1124 publice
2241 1046 2546 1102 constare
2583 1039 2830 1101 dehent
2857 1059 2883 1102 .-

634 1177 800 1218 usus
838 1175 977 1218 non
1014 1152 1383 1241 recipiendi
1420 1175 1499 1217 ea
1538 1159 1992 1232 sacramenta,
2027 1159 2096 1218 et
2134 1151 2667 1240 impoenitentia;
2707 1151 2883 1215 unde

636 1268 767 1350 hic,
798 1266 885 1332 ad
909 1266 1411 1333 concedendam
1437 1268 1878 1354 sepulturam,
1911 1289 2048 1331 non
2076 1267 2442 1354 requiritur
2461 1271 2539 1330 ut
2563 1265 2886 1352 probetur

636 1382 1071 1470 poenitentia,
1118 1381 1239 1448 sed
1278 1383 1541 1468 suflicit
1601 1390 1675 1446 ut
1723 1404 1856 1446 non
1907 1389 2160 1446 constet
2207 1382 2290 1445 de
2344 1380 2833 1466 impoenitentia
2861 1401 2886 1443 .·

634 1519 785 1584 quac
814 1496 949 1561 duo
979 1495 1177 1562 valde
1207 1496 1477 1562 diversa
1510 1503 1693 1561 sunt.
1728 1495 1862 1560 vix
1903 1502 2128 1560 autem
2159 1493 2497 1561 constabit
2527 1494 2612 1558 de
2652 1495 2886 1581 impoe-

638 1611 955 1692 nitentia,
1014 1611 1145 1675 nisi
1195 1609 1640 1676 moribundus
1685 1617 1950 1675 recuset
2002 1607 2241 1674 ultima
2293 1615 2748 1674 sacramenta.
2807 1647 2886 1658 —

641 1724 948 1811 Insuper,
994 1749 1119 1789 usu
1166 1725 1417 1812 passim
1460 1725 1768 1812 vigente,
1815 1725 2114 1812 episcopi
2157 1731 2226 1789 et
2272 1723 2546 1810 parochi
2595 1720 2886 1808 benigne

636 1840 1168 1927 interpretantur
1205 1838 1412 1904 verba
1448 1837 1652 1927 hujus
1689 1838 2166 1926 prohibitionis
2189 1841 2233 1903 ¹.
2317 1903 2327 1912 ,

728 1955 799 2016 40
836 1954 1161 2022 ζῖειινεινίἰ,
1202 1953 1569 2039 manifesti.
1615 1993 1703 2002 —
1742 1954 1830 2018 Hi
1877 1953 2230 2042 privantur
2277 1951 2626 2040 sepultura
2677 1949 2890 2016 eccle-

642 2067 946 2147 siastica,
1004 2067 1163 2133 licet
1219 2091 1335 2132 eos
1396 2068 1756 2155 poeniteat,
1817 2067 1952 2132 nisi
2014 2074 2168 2133 actu
2225 2067 2588 2132 restituant
2642 2064 2890 2152 injuste

638 2180 1003 2268 acquisita,
1040 2181 1107 2244 in
1148 2189 1479 2270 quantum
1509 2189 1830 2268 possunt,
1875 2181 1986 2247 vel
2015 2182 2260 2247 saltem
2289 2181 2604 2245 idoneam
2641 2177 2890 2244 cautio-

644 2317 804 2359 nem
828 2293 1176 2381 pracbeant
1206 2295 1288 2361 de
1318 2295 1624 2362 facienda
1652 2296 2106 2362 restitutione.
2141 2335 2230 2344 —
2259 2295 2362 2360 lta
2391 2295 2566 2360 hanc
2591 2315 2886 2382 poenam,

643 2409 861 2498 primo
886 2410 1095 2474 latam
1127 2409 1212 2474 ab
1234 2411 1628 2476 Alexandro
1663 2410 1755 2475 111
1789 2411 1859 2476 in
1898 2433 2087 2475 conc.
2117 2411 2340 2476 Later.
2377 2408 2498 2488 III,
2519 2432 2670 2497 cap.
2697 2407 2888 2490 Quia,

642 2524 705 2605 3,
742 2524 845 2589 Dn
884 2546 1137 2605 usrms,
1173 2525 1543 2591 declaravit
1580 2533 1651 2591 et
1689 2525 2046 2613 ampliavit
2081 2524 2453 2613 Gregorius
2491 2524 2550 2587 X
2590 2523 2662 2587 in
2702 2544 2886 2587 conc.

642 2640 953 2725 Lugdun.
980 2640 1063 2721 ΙΙ,
1088 2664 1235 2727 cap.
1270 2639 1704 2727 Quanquam,
1740 2641 1804 2723 2,
1837 2641 1940 2705 DE
1971 2662 2214 2723 cscms,
2235 2639 2306 2704 in
2321 2637 2670 2705 VL—Cf.
2695 2637 2893 2703 etiam

644 2776 789 2840 cap.
836 2755 972 2819 Eos
1002 2756 1147 2841 qui,
1196 2758 1257 2837 1,
1307 2754 1455 2821 eod.
1492 2755 1630 2836 tit„
1661 2754 1878 2821 Clem.
1909 2754 2212 2820 —Idem
2249 2752 2386 2820 fere
2425 2752 2766 2819 sancitum
2796 2758 2894 2815 est

646 2875 881 2931 contra
924 2878 1228 2953 raptores
1266 2870 1604 2935 bonorum
1645 2870 2062 2955 manifestos,
2105 2868 2174 2933 in
2213 2890 2360 2955 cap.
2403 2867 2631 2953 Super
2667 2888 2742 2932 eo
2753 2916 2776 2949 ‚
2817 2866 2888 2947 2,

643 2981 744 3045 Dn
782 3002 1191 3049 RAPTORIBUS.

731 3099 799 3163 5⁰
828 3097 1117 3163 Demum
1162 3126 1193 3159 «
1234 3100 1614 3185 manifestis
1651 3107 1716 3163 et
1745 3098 2043 3184 publicis
2071 3097 2564 3183 peccatoribus,
2599 3096 2728 3183 qui
2761 3096 2894 3159 sine

635 3214 1031 3297 poenitentia
1062 3215 1420 3298 perierunt
1450 3240 1509 3295 »,
1554 3213 1872 3300 denegari
1911 3212 2331 3300 sepulturam
2370 3204 2896 3275 ecclesiasticam

640 3324 837 3412 jubet
882 3327 1152 3392 Rituale
1200 3350 1594 3412 romanum,
1657 3328 1778 3393 loc.
1833 3330 1976 3411 cit„
2035 3350 2102 3391 n.
2157 3326 2220 3391 5.
2267 3364 2356 3375 —
2401 3326 2586 3389 Ante
2643 3323 2894 3389 editum

655 3440 799 3525 (an.
836 3442 1043 3530 1614)
1074 3442 1345 3508 Rituale
1381 3464 1776 3527 romanum,
1815 3464 1953 3508 non
1984 3447 2131 3505 erat
2157 3445 2386 3505 textus
2409 3438 2582 3525 juris
2613 3438 2896 3503 authen-

651 3556 825 3622 ticus
854 3556 1160 3645 plectens
1192 3559 1389 3623 modo
1426 3557 1730 3643 qenerali
1762 3563 2147 3644 peccatores
2175 3554 2490 3640 publicos
2521 3553 2895 3641 privatione

650 3670 1014 3760 sepulturae
1045 3671 1551 3753 ecclesiasticae3
1585 3671 1769 3736 unde
1795 3669 2146 3735 haerebant
2174 3668 2484 3734 doctores
2505 3670 2558 3747 ῖς
2595 3690 2895 3732 commu-

648 3784 825 3851 niter
890 3791 1119 3850 tamen
1185 3785 1509 3851 tenebant
1577 3792 1967 3874 peccatores
2027 3783 2342 3869 publicos
2417 3782 2893 3868 impoenitentes

652 3900 861 3965 arceri
890 3898 1132 3965 debere
1164 3924 1199 3965 a
1232 3900 1604 3988 sepultura,
1637 3898 2016 3988 praesertim
2044 3920 2130 3963 ex
2159 3896 2610 3963 affirmatione
2639 3894 2890 3960 Glossae

717 4103 733 4135 ¹
770 4102 852 4151 De
881 4104 981 4153 hac
1020 4105 1391 4167 prohibitione
1428 4104 1496 4153 cf.
1535 4104 1736 4165 folium
1765 4118 1942 4152 causae
1971 4100 2290 4167 quusinae,
2327 4106 2386 4149 26
2421 4100 2529 4150 seb.
2570 4104 2724 4158 18593
2759 4096 2888 4147 The·

650 4194 876 4240 saurus,
910 4184 949 4231 t.
980 4198 1168 4243 cxviii,
1200 4200 1255 4247 p.
1286 4187 1363 4233 6⁴.

716 4258 739 4293 ²
772 4258 852 4307 Cf.
884 4260 1192 4319 Marchetti‚
1222 4262 1319 4311 loc.
1352 4262 1463 4323 cil„
1498 4264 1581 4312 tit.
1609 4277 1792 4322 xxxix,
1823 4276 1876 4310 n.
1912 4264 2090 4310 48-49.
