3192 5025
594 475 697 528 266
1163 477 1250 526 DE
1289 475 1717 526 COEMETERUS
1756 475 1839 525 ET
1876 473 2282 526 SEPULTURIS

593 622 769 686 vit...
815 619 1037 685 Aliter
1082 641 1168 684 ne
1217 621 1365 699 fiat,
1408 620 1813 684 auctoritate
1854 619 2128 683 Domini
2166 618 2465 683 nostri...
2510 616 2638 682 sub
2685 640 2837 682 ana-

594 733 917 801 thematis
947 733 1220 798 vinculo
1250 732 1670 798 detestamur
1708 740 1778 798 et
1816 732 2363 799 contradicimus
2404 759 2435 792 »
2469 731 2604 798 Ubi
2642 732 2837 796 etiam

596 849 746 914 duae
786 847 1045 936 species
1097 848 1462 935 sepulturoe
1501 847 1910 934 allegantur,
1955 853 2022 911 et
2069 846 2269 912 tertia
2308 846 2735 934 supponitur,
2776 855 2843 909 et

595 971 734 1028 tres
772 962 840 1026 in
882 961 1115 1026 ordine
1155 985 1358 1050 supra
1395 961 1691 1026 indicato
1728 968 2097 1049 ponuntur.

685 1099 741 1142 c.
788 1076 889 1141 Ex
935 1076 1245 1163 pluribus
1283 1077 1515 1163 capit.,
1559 1077 1630 1139 in
1670 1074 1917 1164 quibus
1942 1051 2194 1163 ‘aperte
2232 1075 2635 1162 supponitur
2681 1097 2852 1160 prae-

597 1191 808 1257 fatum
848 1191 1280 1277 principium,
1304 1214 1372 1255 v,
1407 1215 1504 1278 g.,
1539 1213 1689 1277 cap.
1727 1189 1901 1254 Cum
1940 1191 2119 1276 quia,
2153 1189 2219 1271 2,
2253 1195 2322 1254 et
2350 1211 2499 1276 cap.
2534 1189 2744 1269 Licet,
2778 1187 2849 1262 4,

597 1307 698 1369 DE
739 1325 1139 1386 emarcum,
1185 1305 1252 1368 in
1295 1303 1411 1369 VI.
1443 1341 1534 1353 —
1564 1304 1760 1370 Unde
1790 1303 2160 1392 propositio
2200 1310 2305 1368 est
2344 1303 2619 1366 omnino
2658 1308 2853 1365 extra

597 1419 1152 1484 controversiam.

1141 1718 1182 1791 5
1219 1719 1286 1774 1.
1329 1719 1438 1776 De
1473 1717 1847 1776 electione
1882 1719 2315 1790 sepulturae.

690 1954 878 2023 163.
929 1995 1017 2003 -
1065 1955 1210 2023 Jus
1259 1954 1697 2023 electionis.
1749 1994 1840 2002 —
1896 1953 2197 2030 Quilibet
2245 1955 2498 2039 fidelis,
2556 1954 2855 2039 exceptis

601 2069 1070 2155 impuberibus
1099 2076 1162 2132 et
1183 2069 1666 2154 Reqularihus,
1693 2075 1917 2154 potest
1952 2069 2085 2133 sihi
2113 2067 2359 2154 eliqere
2394 2068 2853 2154 sepulturam.

595 2221 684 2231 —
721 2181 1014 2247 Constat
1046 2202 1061 2248 :

692 2296 756 2359 1⁰
795 2295 929 2362 Cit.
977 2319 1123 2384 cap.
1177 2297 1322 2361 Nos
1362 2297 1675 2361 instituta
1714 2319 1739 2362 .·
1785 2325 1815 2357 «
1850 2298 2053 2363 Nulli
2084 2303 2320 2362 tamen
2344 2319 2674 2383 negamus
2688 2317 2859 2382 pro-

589 2412 823 2498 priam
859 2411 1106 2496 eliqere
1151 2411 1611 2497 sepulturam,
1656 2417 1727 2476 et
1775 2411 1980 2476 etiam
2027 2411 2443 2491 alienam...;
2490 2437 2523 2472 >›
2574 2409 2647 2474 id
2691 2417 2799 2475 est
2839 2428 2857 2474 :

599 2526 785 2592 Nulli
825 2548 1156 2614 negamus
1195 2524 1443 2613 eligere
1481 2526 1711 2591 locum
1746 2524 1866 2592 ubi
1904 2549 2105 2591 suum
2154 2548 2400 2613 corpus
2440 2524 2859 2613 sepeliatur;

598 2642 768 2723 imo,
814 2640 901 2705 ad
938 2640 1100 2722 hoc,
1153 2638 1466 2728 exemplo
1521 2640 1828 2721 Domini,
1871 2646 2102 2729 potest
2137 2640 2387 2728 eligere
2426 2640 2653 2704 locum
2692 2639 2866 2703 alie-

601 2778 799 2838 num,
870 2753 941 2819 id
1012 2761 1118 2819 est
1139 2806 1154 2834 ‚
1225 2754 1690 2819 coemeterium
1766 2754 2048 2821 alterius
2114 2752 2449 2835 ecclesiae,
2519 2776 2657 2818 non
2726 2751 2865 2817 sibi

600 2868 912 2956 proinde,
951 2868 1070 2933 sed
1107 2868 1260 2933 aliis
1296 2868 1737 2934 destinatum.

689 2981 758 3045 2ο
795 2980 961 3069 Cap.
1003 2982 1178 3046 Cum
1215 2984 1393 3069 quie,
1424 2982 1490 3062 2,
1522 2982 1627 3047 DE
1656 3002 2059 3064 surnmnms,
2090 2982 2162 3046 in
2198 2981 2319 3065 VI,
2350 2981 2545 3070 cujus
2582 2980 2711 3045 hoc
2750 2989 2865 3046 est

599 3095 1048 3183 propositum.
1081 3094 1256 3162 Cum
1282 3096 1721 3161 Innocentius
1761 3095 1882 3178 III,
1910 3097 1979 3160 in
2008 3118 2157 3184 cap.
2179 3096 2738 3179 Fraternitatem,
2784 3094 2852 3163 3.

600 3210 702 3273 DE
741 3229 1152 3292 suenni-nme,
1194 3208 1686 3298 prohibuisset,
1740 3210 1877 3275 imo
1930 3210 2195 3275 irritare
2240 3210 2433 3275 visus
2484 3215 2669 3273 esset
2721 3206 2862 3273 ele-

599 3322 894 3389 ctionem
933 3325 1300 3412 sepulturae
1329 3324 1400 3389 in
1439 3325 1588 3390 Ioco
1626 3326 1849 3389 minus
1889 3325 2201 3410 reliqioso
2216 3326 2263 3407 ¹,
2298 3330 2369 3388 et
2404 3323 2641 3388 multae
2678 3323 2861 3387 circa

599 3437 772 3503 hanc
801 3438 1024 3526 legem
1051 3445 1170 3503 aut
1200 3438 1348 3525 ejus
1377 3438 2007 3525 interpretationem
2037 3445 2238 3503 motae
2267 3436 2559 3503 fuissent
2587 3444 2863 3502 contro-

600 3552 872 3633 versiae,
926 3552 1313 3617 Bonifacius
1351 3551 1550 3635 VIII,
1606 3552 1720 3619 cit.
1757 3575 1934 3641 cap.,
1979 3552 2263 3617 dubium
2300 3574 2503 3616 omne
2541 3550 2855 3631 diremit,

600 3664 834 3730 dicens
869 3684 884 3731 ε
933 3692 965 3727 «
1010 3666 1081 3731 Si
1121 3667 1308 3756 quiS,
1351 3667 1635 3755 antiqua
1671 3666 1985 3748 dimissa,
2030 3689 2313 3749 novam,
2356 3668 2563 3733 etiam
2602 3667 2671 3731 in
2714 3666 2859 3729 loco

603 3780 830 3844 minus
895 3781 1239 3866 reliqioso,
1305 3780 1588 3869 elegerit
1646 3780 2100 3870 sepulturam,
2156 3781 2545 3846 electionem
2603 3781 2859 3865 hujus—

601 3894 818 3978 modi,
861 3894 1021 3959 licet
1049 3894 1204 3981 jura
1253 3918 1458 3984 super
1493 3895 1623 3961 hoc
1665 3894 2027 3962 videantur
2062 3918 2211 3961 esse
2248 3895 2551 3977 diversa,
2600 3916 2855 3981 nequa-

600 4029 811 4093 quam
849 4007 1163 4074 volumus
1193 4010 1610 4095 impuqnari.
1663 4038 1695 4071 »

659 4209 678 4243 ¹
713 4209 888 4258 Locus
926 4208 1114 4258 minus
1149 4209 1450 4275 religio-sus
1481 4212 1769 4261 dicebatur
1806 4212 1861 4259 in
1898 4225 2007 4273 quo
2048 4211 2225 4258 minus
2262 4210 2565 4275 frequentia
2600 4210 2854 4260 celebra-—

599 4287 802 4337 bantur
829 4286 1010 4337 officia
1036 4287 1240 4339 divina.
