3192 5025
405 485 495 535 DE
535 484 946 535 POLLUTIONB
983 483 1444 534 ECCLESRARUM
1485 484 1566 533 ET
1604 482 1837 531 EARUM
1876 479 2473 531 RECONGILIATIONE
2544 476 2606 527 Ἡ

357 628 777 693 benedictam
809 651 836 695 .·
902 630 1020 717 qui
1085 629 1258 694 ritus
1330 626 1551 692 adhuc
1609 626 1809 692 hodie
1881 649 2039 713 pars
2104 624 2444 712 praecipua
2508 628 2611 689 est

358 742 928 807 reconciliationis
966 742 1268 808 ecclesiae
1306 740 1612 828 pollutae.

448 856 608 920 Dixi
658 874 673 921 z
737 856 798 920 1.
860 857 1335 939 homicidium,
1399 854 1544 920 sive
1612 854 1935 942 suiipsius
2004 854 2165 944 (seu
2218 852 2611 939 suicidium)

353 992 498 1035 slve
538 970 852 1049 alterius;
897 969 984 1036 ad
1019 978 1384 1059 utrumque
1415 969 1601 1034 enim
1638 969 2051 1049 extenditur,
2094 976 2173 1034 ut
2210 974 2431 1056 patet,
2472 990 2611 1031 vox

355 1084 824 1149 homicidium.

441 1198 508 1264 2.
555 1198 1018 1264 Homicidium
1056 1200 1524 1265 voluntarium
1539 1217 1570 1282 ,·
1593 1220 1731 1262 non
1771 1197 2147 1263 attenditur
2176 1196 2357 1261 enim
2398 1193 2612 1258 homi-

349 1312 606 1377 cidium
669 1312 754 1377 ab
807 1320 1108 1395 amente,
1170 1313 1282 1379 vel
1343 1336 1503 1379 casu
1561 1312 1839 1377 fortuito
1892 1312 2365 1390 commissum,
2427 1307 2608 1397 quod

350 1426 544 1492 nullo
583 1427 788 1491 modo
826 1427 1040 1491 violat
1070 1427 1505 1493 sanctitatem
1541 1428 1868 1493 ecclesiae.

440 1539 507 1606 3.
553 1539 1014 1605 Homicidium
1056 1541 1494 1627 injuriosum,
1528 1562 1773 1627 nempe
1812 1539 2065 1619 occiso,
2110 1538 2169 1603 si
2207 1537 2361 1625 quis
2399 1536 2602 1616 enim,

349 1653 437 1717 ob
479 1653 744 1741 justam
797 1654 902 1718 sui
961 1653 1460 1735 defensionem,
1518 1676 1674 1719 cum
1731 1651 2191 1718 moderamine
2245 1649 2607 1735 inculpatae

347 1766 616 1847 tutelae,
673 1767 818 1831 vim
882 1768 952 1831 vi
1013 1767 1330 1855 repellat,
1393 1774 1462 1833 et
1526 1788 1998 1854 aggressorem
2063 1764 2359 1845 occidat,
2416 1762 2606 1827 nullo

348 1879 553 1945 modo
591 1880 888 1945 violatur
925 1881 1252 1946 sanctitas
1291 1880 1617 1946 ecclesiae.

439 1992 503 2058 4.
549 1994 1012 2060 Homicidium
1062 1996 1130 2059 in
1177 1994 1446 2060 ecclesia
1485 2002 1846 2081 patratum
1862 2013 1890 2078 ,⁰
1937 1992 2376 2057 homicidium
2423 1991 2605 2055 enim

345 2114 538 2173 extra
579 2109 934 2175 ecclesiam
972 2116 1316 2197 patratum
1345 2132 1483 2173 non
1520 2108 1728 2175 habet
1762 2108 2161 2173 relationem
2200 2130 2356 2171 cum
2394 2104 2605 2171 eccle-

346 2222 472 2288 sia.
525 2222 619 2288 Ut
665 2230 896 2288 autem
935 2223 1200 2288 dicatur
1247 2225 1316 2288 in
1363 2223 1633 2289 ecclesia
1670 2230 2063 2308 patratum,
2125 2220 2491 2308 requiritur
2538 2225 2607 2283 et

346 2336 600 2402 sufficit
636 2345 715 2404 ut
752 2360 952 2402 causa
995 2338 1300 2425 proxima
1340 2337 1611 2417 mortis,
1655 2360 1721 2401 v.
1766 2362 1864 2425 g.,
1908 2336 2191 2417 vulnuS,
2236 2356 2599 2415 venenum,

344 2451 720 2538 accipiatur
761 2452 829 2516 in
866 2451 1159 2536 ecclesia,
1202 2451 1360 2518 licet
1401 2474 1584 2516 mors
1624 2458 1816 2517 extra
1854 2450 2149 2532 accidat}
2194 2449 2290 2514 sic
2320 2446 2605 2513 ecclesia

341 2566 711 2654 polluitur,
770 2567 828 2630 si
879 2565 1034 2654 quis
1080 2566 1282 2630 fuerit
1333 2589 1698 2654 percussus
1754 2565 1825 2630 in
1877 2564 2191 2645 ecclesia,
2244 2563 2404 2627 licet
2454 2584 2604 2648 per-

344 2703 585 2746 cussor
630 2681 718 2744 sit
767 2687 991 2761 extra,
1037 2687 1154 2745 aut
1200 2680 1363 2745 licet
1407 2702 1775 2768 percussus
1824 2679 2153 2744 moriatur
2189 2683 2409 2756 extra3
2464 2697 2603 2739 non

342 2817 508 2859 vero
565 2794 914 2882 polluitur,
959 2795 1018 2858 si
1069 2794 1224 2882 quis
1287 2795 1488 2859 fuerit
1544 2817 1910 2883 percussus
1968 2800 2159 2859 extra
2206 2789 2595 2871 ecclesiam,

341 2908 505 2974 licet
569 2931 928 2996 percussor
1002 2907 1092 2973 sit
1168 2909 1376 2988 intra,
1440 2917 1558 2974 aut
1621 2907 1783 2973 licet
1845 2929 2209 2996 percussus
2277 2903 2601 2969 moriatur

339 3023 544 3088 intra.
589 3023 700 3087 Sic
722 3021 878 3108 jura
915 3022 1336 3088 consuetudo
1377 3023 1890 3110 communisque
1929 3021 2285 3086 doctorum
2324 3025 2601 3084 senten-

339 3137 436 3203 tia
473 3137 920 3222 interpretata
958 3139 1124 3201 est¹.

430 3251 534 3316 De
573 3273 708 3337 quo
746 3250 1044 3314 notanda
1083 3249 1216 3314 duo
1252 3268 1266 3315 :

430 3363 498 3427 1⁰
538 3363 760 3428 Etiam
801 3363 1032 3428 occisio
1074 3363 1369 3426 hominis
1403 3365 1636 3449 justa,
1680 3385 1925 3450 nempe
1975 3385 2061 3426 ex
2091 3361 2280 3448 justa
2318 3367 2594 3425 senten-

334 3478 432 3543 tia
462 3476 749 3564 judicis,
795 3476 862 3540 in
913 3476 1197 3542 ecclesia
1245 3481 1544 3564 patrata,
1599 3475 1844 3563 polluit
1890 3498 2062 3541 eam.
2116 3513 2205 3526 ——-
2250 3475 2449 3541 Ratio
2491 3481 2595 3541 est

335 3591 500 3680 quia
552 3589 971 3679 prohibitum
1026 3598 1160 3672 est,
1219 3589 1374 3678 jure
1432 3589 1918 3671 ecclesiasticO,
1981 3591 2261 3678 exsequi
2318 3596 2591 3654 senten-

331 3751 632 3802 homicidio
665 3752 750 3801 vel
786 3753 1056 3802 adulterio
1084 3753 1317 3801 ecclesia
1343 3752 1547 3800 violata
1585 3752 1774 3811 fuerit,
1815 3751 2226 3814 diligentissime
2265 3754 2594 3814 expurgetur

331 3835 390 3880 ct
417 3830 598 3879 denuo
628 3833 994 3880 consecretur.
1028 3850 1052 3872 »r
1084 3830 1180 3879 Cui
1206 3831 1400 3880 canoni
1433 3831 1663 3892 proinde
1691 3831 1917 3892 derogat
1946 3829 2312 3879 Innocentius
2339 3857 2393 3866 -
2421 3831 2594 3879 Caete-

329 3922 454 3956 rum
491 3908 582 3956 hic
615 3923 790 3957 canon
824 3911 908 3957 est
943 3908 1137 3958 incerti
1177 3909 1443 3967 sueton-ie,
1485 3909 1669 3957 forsan
1702 3908 1910 3972 Vigilii;
1952 3908 2227 3958 invenitur
2263 3909 2405 3957 enim
2450 3909 2593 3958 inter

327 3985 727 4049 Excerptiones
765 3986 1012 4048 lig-berti,
1054 3984 1450 4050 archiepiscopi
1495 3987 1853 4035 Eboracensis
1895 3987 1993 4050 (m.
2035 4002 2082 4035 a.
2120 3987 2267 4050 771),
2308 3987 2400 4049 qui
2438 3986 2591 4035 illum

327 4063 501 4114 refert
529 4064 598 4112 ad
629 4064 916 4127 vigilium,
949 4066 1044 4114 sed
1075 4067 1191 4114 sine
1217 4065 1328 4114 ullo
1354 4065 1460 4113 alio
1491 4065 1692 4114 indicio
1724 4065 1887 4129 (apud
1912 4065 2105 4126 Mansi,
2142 4064 2411 4124 Concilia,
2434 4067 2474 4114 t.
2498 4081 2589 4124 xu,

328 4143 437 4192 col.
469 4146 589 4202 426,
617 4144 897 4205 excerptio
929 4145 1068 4207 1³9).

395 4221 416 4254 ¹
452 4219 533 4270 Cr.
565 4221 950 4282 Reiffenstuel,
982 4223 1036 4270 in
1063 4222 1149 4271 tit.
1181 4222 1252 4271 De
1278 4235 1537 4281 consecr„
1571 4237 1623 4270 n.
1656 4225 1744 4282 19;
1767 4249 1827 4259 —
1847 4221 2164 4286 Schmalzg„
2195 4223 2249 4270 in
2276 4224 2454 4272 eumd.
2484 4223 2591 4285 tit„

333 4315 388 4348 n.
423 4303 614 4350 67-68.
