3192 5025
680 471 770 521 DE
808 470 1272 522 lNSTlTUTlONE
1310 471 1873 524 COEMETERIORUM
1912 473 2335 527 PUBLlCORUM
2534 475 2633 528 341

383 614 544 696 buS,
589 637 742 704 quoe
779 613 1184 680 cadaverum
1223 615 1635 681 delationem
1684 617 1752 681 in
1793 618 2147 684 ecclesiam
2188 619 2632 704 interdicunt,

382 738 451 796 et
480 728 655 795 facta
697 751 736 794 a
763 728 1086 795 defuncto
1117 730 1482 818 sepulturae
1514 731 1845 796 electione
1885 732 1953 797 in
1993 731 2274 798 ecclesia
2316 734 2631 820 regulari,

381 843 608 909 levato
669 844 996 910 cadavere
1053 865 1090 908 a
1146 841 1419 933 proprio
1484 846 1809 934 parocho,
1868 847 1985 934 jus
2044 848 2513 914 associationis
2569 857 2636 915 et

380 958 856 1023 tumulationis
883 964 1148 1046 spectat
1178 959 1497 1046 paroch0,
1524 983 1613 1024 an
1639 959 2115 1046 RegularibuS‚
2138 985 2219 1026 an
2261 962 2591 1028 ambobus
2605 968 2635 1029 ⁶?

379 1111 468 1120 —
506 1072 627 1153 Et,
668 1079 1006 1161 quatenus
1047 1071 1448 1138 affirmative
1495 1073 1584 1137 ad
1631 1075 1899 1139 tertiam
1944 1083 2208 1164 partem
2246 1095 2259 1142 :
2304 1077 2368 1142 2.
2414 1077 2523 1142 An
2566 1085 2635 1143 et

380 1209 516 1274 quo
563 1186 715 1252 loco
761 1186 1072 1252 recedere
1118 1186 1366 1253 debeat
1410 1189 1795 1275 parochus?
1830 1227 1919 1237 —
1957 1190 2021 1255 3.
2068 1188 2207 1255 Sub
2256 1213 2391 1279 qua
2438 1213 2633 1256 cruce

379 1299 652 1387 praefata
705 1302 1066 1366 associatio
1117 1300 1422 1367 facienda
1474 1304 1627 1367 est?
1665 1330 1696 1361 »
1744 1302 1816 1368 S.
1871 1299 2151 1391 Congr.,
2212 1303 2280 1368 in
2333 1305 2632 1391 generali

375 1422 718 1480 conventu
792 1413 926 1480 diei
997 1414 1022 1479 1
1097 1437 1254 1501 aug.
1331 1414 1525 1498 1902,
1597 1415 1915 1482 omnibus
1990 1417 2225 1484 sedulo
2291 1419 2625 1506 pensatiS,

375 1528 776 1618 respondit:
832 1556 864 1589 «
910 1529 1023 1594 Ad
1078 1533 1148 1608 1,
1206 1529 1247 1593 2
1301 1537 1368 1594 et
1421 1531 1484 1596 3.
1545 1527 2024 1596 providebitur
2067 1553 2189 1619 per
2240 1531 2631 1598 instructio-

375 1665 558 1710 nem.
601 1671 634 1704 »
675 1644 896 1708 Tenor
933 1651 1164 1709 autem
1203 1644 1672 1710 instructionis
1712 1644 1819 1710 hic
1858 1653 1962 1710 est
1997 1664 2013 1710 ε

465 1784 496 1817 «
547 1757 886 1822 Funerum
963 1758 1234 1846 juribus
1318 1781 1436 1846 per
1517 1758 1713 1847 plura
1799 1757 1917 1825 SS.
2007 1758 2627 1847 Congregationum

372 1871 641 1936 decreta
699 1871 1204 1937 consultissime
1271 1872 1671 1951 moderatiS‚
1732 1873 1956 1937 omnis
2012 1871 2383 1962 praeclusus
2440 1874 2628 1940 vide-

375 1983 574 2050 batur
623 1984 849 2050 aditus
901 1985 1422 2075 quaestionibus,
1482 2009 1631 2075 quae
1684 1987 2035 2052 occasione
2089 1988 2319 2052 electae
2374 1987 2441 2051 in
2493 1987 2625 2052 alia

373 2122 412 2163 a
449 2098 820 2187 parochiali
860 2099 1144 2165 ecclesia
1175 2099 1564 2189 sepulturae,
1599 2108 1749 2166 tum
1770 2109 1925 2166 ante
1957 2106 2102 2165 tum
2132 2109 2288 2189 post
2326 2125 2625 2168 commu-

373 2212 562 2278 nium
611 2214 1152 2278 coemeteriorum
1199 2213 1641 2296 erectionem,
1682 2215 1860 2280 inter
1906 2213 2209 2281 defuncti
2254 2215 2622 2304 parochum

371 2333 440 2392 et
477 2327 832 2393 ecclesiam
871 2329 1325 2393 tumulantem
1365 2327 1524 2392 oriri
1561 2327 1897 2395 solebant.
1940 2330 2035 2394 At
2074 2353 2229 2394 cum
2268 2330 2334 2394 in
2379 2330 2625 2418 Hispa-

369 2440 502 2505 niis
541 2439 726 2506 civili
763 2440 913 2528 lege
961 2447 1295 2507 statutum
1319 2439 1577 2525 fuerit,
1623 2448 1701 2506 ut
1738 2441 2211 2509 defunctorum
2260 2443 2618 2523 cadavera,

369 2555 534 2643 quin
581 2555 770 2644 prius
821 2557 908 2621 ad
961 2556 1314 2621 ecclesiam
1362 2556 1584 2621 afferri
1630 2556 1929 2644 possint,
1984 2580 2023 2623 a
2071 2558 2271 2621 domo
2321 2556 2623 2622 defuncti

367 2668 456 2733 ad
504 2668 857 2757 publicum
903 2671 1366 2737 coemeterium
1413 2670 1667 2735 directe
1714 2670 2159 2749 deducantur,
2202 2670 2382 2751 hinc,
2426 2670 2623 2735 novis

367 2784 858 2871 exurgentibus
902 2783 1236 2851 factorum
1284 2784 1847 2866 circumstantiiS,
1889 2806 2067 2850 nova
2107 2784 2283 2849 inter
2318 2784 2621 2851 defuncti

365 2896 734 2989 parochum
773 2906 842 2964 et
879 2897 1254 2986 Regulares
1292 2898 1592 2964 ecclesiae
1633 2898 2035 2964 tumulantis
2074 2906 2274 2965 enata
2313 2905 2417 2965 est
2464 2921 2620 2963 con-

366 3012 694 3077 troversia
770 3012 946 3079 circa
1013 3012 1254 3100 cuique
1331 3012 1709 3101 spectantia
1776 3012 2075 3077 funebris
2150 3013 2619 3079 associationis

354 3125 534 3212 jura.
581 3126 682 3192 Re
721 3126 808 3191 ad
847 3127 1018 3192 hanc
1058 3124 1330 3192 Sacram
1371 3126 1987 3215 Congregationem
2024 3127 2317 3215 negotiis
2354 3134 2423 3191 et
2460 3150 2619 3191 con-

362 3238 848 3305 sultationibus
873 3240 1362 3329 Episcoporum
1401 3247 1471 3307 et
1497 3240 1943 3327 Regularium
1983 3240 2424 3327 expediendis
2461 3239 2617 3304 diri-

361 3353 760 3443 mendisque
798 3355 1234 3442 praepositam
1271 3354 1530 3436 delata,
1575 3352 1730 3421 Emi
1769 3354 2038 3436 PatreS,
2081 3354 2149 3418 in
2187 3352 2617 3442 generalibus

358 3468 654 3533 comitiis
709 3468 959 3534 habitis
1009 3467 1118 3533 die
1170 3468 1256 3533 25
1301 3468 1461 3554 julii
1516 3468 1721 3549 1902,
1779 3468 2093 3533 omnibus
2147 3475 2409 3533 mature
2461 3491 2615 3556 per-

358 3582 622 3668 pensis,
673 3582 852 3663 haec,
896 3604 1048 3671 quae
1095 3581 1268 3647 infra
1315 3580 1566 3669 scripta
1616 3590 1808 3662 sunt,
1853 3582 2211 3649 statuenda
2261 3605 2337 3647 ac
2387 3581 2615 3647 decer—

357 3696 582 3762 nenda
620 3701 1050 3763 censuerunt.
1100 3696 1438 3763 Nimirum
1475 3715 1490 3763 τ

453 3810 514 3878 1.
553 3838 586 3873 «
621 3810 908 3877 Parochi
946 3819 1054 3877 est
1091 3812 1340 3877 stolam
1379 3811 1673 3893 deferre,
1707 3810 1997 3877 cadaver
2032 3834 2069 3876 e
2109 3810 2309 3876 domo
2348 3811 2606 3892 levare,

356 3936 426 3995 et
462 3927 670 3993 funus
710 3928 954 3993 ducere
993 3948 1210 4014 usque
1249 3925 1336 3990 ad
1365 3924 1651 4013 januam
1691 3926 1943 4015 publici
1982 3925 2385 4005 coemeterii;

445 4044 511 4108 2.
546 4068 579 4104 «
615 4038 1068 4129 Regularibus
1097 4040 1400 4107 ecclesiae
1431 4040 1836 4105 tumulantis
1857 4039 1974 4127 jus
2003 4039 2330 4127 competit
2354 4039 2425 4103 in
2456 4062 2608 4127 pro·-

356 4157 504 4246 pria
550 4156 836 4221 ecclesia
874 4155 1064 4241 justa
1111 4154 1418 4221 funebria
1463 4152 1864 4242 peragendi,
1914 4175 2052 4218 una
2114 4174 2270 4219 cum
2316 4153 2611 4242 parocho

359 4270 444 4336 ab
495 4269 778 4336 ecclesia
830 4268 1196 4357 parochiali
1249 4269 1333 4335 ad
1386 4269 1667 4333 domum
1713 4268 2014 4334 defuncti
2060 4267 2457 4349 accedendi,
2510 4274 2603 4349 et,
