3192 5025
1142 515 1231 566 DE
1267 515 1435 565 JURE
1472 514 1664 566 ASYLl
2428 513 2525 568 1¹3

277 659 486 748 asyli,
556 681 693 747 qua
773 658 1029 723 minora
1114 658 1397 722 crimina
1481 680 1620 723 non
1697 657 1843 722 sine
1930 680 2132 744 poena
2229 657 2532 724 dimitte-

278 773 551 854 bantur,
595 772 850 861 majora
892 795 1087 854 ver0,
1138 794 1339 859 poena
1388 771 1664 860 quidem
1711 772 1988 858 capitali
2032 771 2528 859 plectebantur,

279 888 403 953 sed
459 893 615 975 post
688 885 1033 950 sufficiens
1090 889 1159 951 et
1219 908 1342 973 pro
1396 884 1786 950 defensione
1847 891 1916 949 et
1961 907 2083 971 pro
2135 885 2532 972 poenitentia

279 1022 683 1066 concessum
734 999 1036 1086 spatium.
1093 998 1443 1086 temporis,
1506 997 1701 1064 Unde
1761 998 1879 1063 illa
1936 997 2292 1087 disciplina
2357 999 2537 1064 hunc

282 1113 667 1179 mirabilem
732 1112 1083 1191 effectum,
1136 1135 1272 1200 quo
1329 1134 1509 1176 nunc
1576 1109 1885 1193 fruimur,
1939 1120 2214 1201 operata
2271 1119 2410 1194 est,
2461 1119 2538 1178 ut

282 1250 530 1314 nempe
568 1226 829 1314 passim
871 1225 1171 1291 vindicta
1217 1224 1485 1312 privata
1532 1225 1940 1312 quiesceret,
1995 1225 2262 1313 publica
2310 1225 2540 1292 mites-

283 1347 469 1407 ceret
498 1344 541 1406 ¹.

376 1585 516 1656 59.
538 1623 629 1634 —
652 1585 894 1672 Origo
918 1583 1269 1671 juridice
1300 1583 1510 1671 juris
1549 1582 1782 1670 asyli.
1800 1619 1888 1634 --
1910 1583 2182 1648 Dictum
2210 1589 2312 1648 est
2344 1607 2545 1671 supra

286 1700 372 1765 de
412 1699 675 1785 origine
706 1697 1025 1763 historica
1036 1715 1067 1781 ,⁰
1104 1718 1285 1762 nunc
1324 1697 1548 1784 agitur
1575 1697 1659 1761 de
1698 1696 1956 1784 origine
1981 1698 2292 1784 juridica
2308 1716 2338 1780 ,⁶
2367 1721 2550 1786 quae-

287 1813 462 1878 ritur
498 1812 759 1877 scilicet
797 1834 931 1899 quo
962 1811 1117 1899 jure
1156 1810 1416 1875 nitatur
1455 1808 1813 1897 disciplina
1853 1810 2050 1898 asyli.
2075 1811 2175 1877 De
2215 1834 2350 1900 quo
2389 1816 2549 1876 sunt

289 1925 593 2014 quinque
634 1924 987 2013 opiniones
1024 1923 1423 1989 brevissime
1453 1924 1870 2012 exponendae
1906 1943 1923 1990 ε

382 2039 622 2104 Prima
663 2039 911 2124 opinio,
959 2075 1047 2087 -
1084 2037 1290 2102 Juxta
1337 2036 1529 2102 illam
1577 2035 1936 2124 disciplina
1979 2038 2152 2126 asyli
2208 2041 2350 2126 ipso
2380 2041 2555 2126 jure

294 2153 600 2219 naturali
647 2151 1002 2232 fundatur,
1054 2159 1331 2239 propter
1378 2151 1705 2215 honorem
1754 2151 1896 2216 Deo
1953 2159 2024 2218 et
2075 2152 2352 2241 templis
2408 2152 2554 2240 ejus

292 2267 639 2349 debitum,
676 2273 757 2331 ut
796 2287 996 2353 supra
1026 2265 1129 2354 (n.
1165 2265 1311 2352 58)
1337 2264 1595 2330 dictum
1635 2270 1773 2345 est,
1813 2265 1884 2330 in
1925 2267 2324 2353 exponenda
2354 2289 2556 2331 causa

293 2379 657 2471 principali
686 2385 756 2445 et
794 2377 1107 2444 absoluta
1128 2377 1305 2464 juris
1344 2376 1543 2464 asyli.
1576 2376 1676 2443 Ita
1707 2378 1936 2467 plures
1976 2380 2157 2467 apud
2187 2380 2317 2445 Del
2346 2380 2551 2458 Bene,

294 2497 397 2561 De
427 2494 883 2577 immunitate,
926 2517 985 2559 c.
1032 2514 1172 2576 xvl,
1216 2490 1379 2558 dub.
1423 2491 1500 2574 2,
1542 2516 1612 2559 n.
1656 2493 1724 2559 2.

387 2609 701 2674 Secunda
733 2607 981 2693 opinio.
1004 2645 1091 2655 —
1110 2607 1318 2672 Juxta
1342 2606 1557 2687 illam,
1585 2606 1728 2671 haec
1754 2607 2112 2695 disciplina
2139 2608 2399 2689 nititur,
2422 2633 2558 2674 non

297 2722 580 2813 quidem
619 2721 915 2787 naturali
936 2721 1115 2809 jure,
1152 2721 1272 2786 sed
1290 2723 1461 2808 jure
1500 2722 1726 2785 divino
1755 2722 2070 2807 positivo,
2105 2762 2190 2773 —
2222 2722 2554 2789 Constat:

302 2837 366 2903 1.
411 2835 645 2902 Veteri
691 2834 843 2922 lege
893 2857 1060 2923 qua,
1102 2841 1179 2899 ut
1218 2834 1476 2899 dictum
1525 2842 1630 2899 est
1669 2858 1872 2923 supra
1915 2836 2018 2924 (n.
2061 2837 2200 2920 47,
2243 2838 2378 2926 6⁰),
2427 2838 2561 2903 reis

300 2950 565 3038 refugia
604 2956 837 3036 aperta
878 2956 1072 3029 sunt,
1126 2971 1371 3036 nempe
1419 2947 1650 3035 plures
1699 2950 2043 3029 civitateS‚
2089 2956 2156 3015 et
2203 2952 2442 3033 etiam,
2485 2958 2562 3017 ut

299 3062 549 3129 deduci
580 3061 851 3127 videtur
889 3085 973 3128 ex
1002 3062 1239 3142 Num.,
1284 3082 1435 3142 xxl,
1482 3060 1730 3142 13-14,
1777 3062 1998 3150 ipsum
2049 3064 2561 3131 tabernaculum

300 3183 372 3243 et
410 3175 747 3264 templum
789 3176 945 3255 Dei;
988 3214 1079 3223 —-
1120 3176 1185 3240 2.
1232 3174 1397 3262 Cap.
1448 3174 1914 3262 Quamquam,
1960 3178 2034 3259 4,
2083 3179 2184 3243 DE
2230 3200 2556 3261 cassusne,

299 3291 375 3355 in
412 3290 543 3371 Vl,
584 3291 657 3354 in
694 3312 829 3377 quo
882 3289 1175 3376 legitur:
1236 3315 1269 3349 «
1317 3290 1489 3355 Cum
1538 3289 1750 3377 igitur
1797 3292 2111 3375 ecclesiae,
2155 3292 2562 3357 ecclesiasti-

302 3426 537 3491 caeque
572 3424 915 3491 personae,
958 3425 1035 3467 ac
1073 3426 1183 3467 res
1221 3401 1548 3490 ipsarum,
1595 3426 1726 3468 non
1763 3404 1988 3469 solum
2013 3408 2186 3493 jure
2225 3406 2524 3471 humano
2535 3456 2561 3490 ,

302 3517 617 3605 quinimo
654 3524 720 3581 et
757 3516 984 3580 divino
996 3566 1017 3599 ,
1061 3538 1101 3581 a
1139 3515 1567 3581 saecularium
1616 3540 2059 3606 personarum
2097 3518 2563 3587 exactionibus

302 3630 445 3696 sint
504 3630 878 3707 immunes3
941 3656 973 3689 »
1026 3666 1117 3677 —
1168 3629 1232 3695 3.
1294 3627 1502 3696 Conc.
1560 3630 1776 3711 Trid.,
1835 3654 1981 3719 cap.
2046 3633 2373 3719 Cupiens,
2439 3633 2558 3714 20,

302 3767 479 3810 sesS.
526 3743 743 3823 XXV,
792 3744 895 3807 DE
942 3760 1128 3807 amn:
1181 3769 1212 3803 «
1259 3742 1605 3828 Ecclesiae,
1649 3750 1718 3808 et
1761 3767 2205 3833 personarum
2251 3747 2566 3813 ecclesia-

304 3858 631 3924 sticarum
677 3856 1211 3939 immunitatem,
1264 3856 1389 3921 Dei
1436 3857 1859 3922 ordinatione
1906 3865 1972 3923 et
2023 3860 2364 3925 canonicis
2413 3884 2565 3927 san-

369 4076 388 4109 ¹
422 4074 505 4124 Cf.
536 4075 705 4135 Zech,
738 4074 837 4123 loc.
869 4072 982 4130 cit„
1014 4076 1067 4133 §5
1097 4076 1289 4133 ³⁴42,
1316 4088 1371 4137 p.
1402 4078 1667 4133 305-31⁴;
1693 4102 1751 4110 -
1777 4075 2024 4135 Bai-thel,
2053 4076 2154 4126 loc.
2185 4074 2296 4135 cit„
2324 4082 2376 4138 ἐξ
2405 4083 2562 4139 8-12,

308 4170 365 4219 p.
406 4156 499 4202 ⁴⁷5
538 4168 621 4215 sq.
658 4151 829 4201 Juxta
864 4151 1161 4215 quosdam,
1202 4152 1294 4215 jus
1341 4153 1481 4217 asyli
1530 4153 1682 4202 venit
1725 4168 1791 4202 ex
1838 4167 1903 4202 eo
1948 4154 2094 4216 quod
2147 4154 2276 4204 olim
2325 4155 2566 4206 Ecclesia

308 4232 587 4295 putaverit
613 4230 877 4294 injustam
902 4244 1023 4279 esse
1042 4243 1260 4292 poenam
1286 4232 1476 4281 mortis
1500 4232 1608 4281 reis
1635 4230 1926 4283 inflictam:
1953 4232 2100 4295 quod
2125 4234 2346 4285 omnino
2371 4234 2570 4285 salsum

310 4313 397 4359 est
426 4308 623 4373 (Zech,
656 4306 809 4366 ibid„
840 4322 895 4371 p.
922 4308 1205 4372 305-306).

530 4420 672 4455 meis
700 4420 891 4458 saenis.
2284 4406 2317 4461 8
