3192 5025
1479 1320 1911 1403 CAPUT
1984 1320 2117 1403 IV

837 1799 932 1853 DE
989 1797 1364 1853 PATRONIS
1422 1797 1562 1851 SEU
1620 1796 2119 1851 TITULARIBUS
2178 1772 2754 1851 ECCLEslARUM¹

759 2317 893 2385 20.
923 2339 1012 2364 -—·
1047 2316 1380 2386 Praeviae
1418 2319 1810 2385 notiones.

757 2432 822 2494 1⁰
857 2430 1124 2495 Titulus
1163 2430 1466 2495 ecclesiae
1505 2437 1612 2495 est
1648 2429 1879 2519 aliqua
1907 2452 2014 2495 res
2052 2428 2163 2494 vel
2194 2452 2482 2518 persona
2522 2453 2748 2513 sacra,
2792 2430 2931 2496 sub

663 2545 861 2632 cujus
901 2544 1219 2632 auspiciis
1258 2544 1612 2610 dedicatur
1649 2544 1963 2626 ecclesia,
2000 2551 2068 2609 et
2115 2568 2153 2609 a
2192 2544 2385 2632 cujus
2424 2545 2703 2610 nomine
2743 2567 2929 2610 nun·

663 2665 975 2748 cupatur,
1019 2667 1096 2724 ut
1143 2657 1228 2723 ab
1276 2657 1428 2722 aliis
1476 2657 1961 2745 distinguatur,
2004 2658 2243 2723 eodem
2284 2658 2486 2723 modo
2533 2682 2613 2724 ac
2660 2658 2927 2724 homini

665 2773 735 2838 in
785 2771 1126 2860 baptismo
1188 2771 1561 2860 imponitur
1624 2771 1898 2860 aliquod
1952 2793 2235 2853 nomen,
2294 2795 2430 2860 quo
2478 2772 2931 2860 distinguitur

667 2884 751 2950 ab
790 2886 964 2950 aliis,
1009 2923 1080 2934 —
1135 2885 1345 2950 Dixi:
1391 2887 1454 2951 1.
1496 2885 1758 2972 Aliqua
1810 2909 1913 2949 res
1949 2908 2173 2969 sacra,
2219 2908 2462 2974 nempe
2514 2887 2962 2973 mysterium·

670 2997 774 3086 (v.
825 3021 924 3085 g.,
982 3001 1287 3063 ascensio
1337 2999 1649 3080 Domini,
1694 2997 2070 3086 assumptio
2122 2999 2201 3064 B.
2254 2997 2520 3080 Mariua,
2576 3003 2765 3090 ete.),
2808 3000 2930 3066 vel

667 3111 800 3176 alia
850 3133 954 3176 res
1000 3113 1089 3176 ad
1129 3111 1484 3176 Christum
1522 3121 1642 3176 aut
1687 3121 1951 3177 sanctos
1980 3112 2331 3197 pertinens
2380 3110 2485 3197 (v.
2530 3137 2631 3201 g.,
2684 3121 2923 3178 saneta

668 3248 870 3307 crux,
912 3224 1186 3289 vincula
1226 3224 1294 3289 S.
1342 3225 1559 3304 Petri,
1606 3227 1801 3314 ete.);
1847 3264 1935 3273 —
1972 3225 2036 3290 2.
2082 3225 2343 3312 Aliqua
2366 3247 2661 3311 persona
2698 3249 2921 3310 sacra,

669 3361 913 3427 nempe
950 3361 1086 3403 una
1127 3337 1266 3426 (vel
1301 3338 1556 3427 plures)
1595 3361 1885 3426 persona
1924 3339 2175 3421 divina,
2210 3339 2542 3425 anqelica,
2589 3340 2915 3406 humana.

759 3453 826 3516 2⁰
865 3453 938 3518 Si
967 3452 1209 3517 titulus
1248 3451 1337 3516 sit
1374 3452 1603 3539 aliqua
1630 3474 1921 3539 persona
1960 3461 2183 3516 creata
2216 3452 2541 3540 (humana
2566 3453 2678 3518 vel
2716 3477 2921 3541 ange-

665 3565 864 3655 lica),
908 3566 1050 3630 haec
1088 3588 1378 3654 persona
1414 3572 1699 3630 vocatur
1736 3564 1941 3630 etiam
1978 3565 2323 3631 Patronus
2360 3566 2696 3648 ecclesiae3
2740 3567 2921 3632 unde

669 3688 776 3745 est
825 3679 1030 3744 simul
1083 3679 1421 3745 Patronus
1473 3686 1540 3744 et
1591 3679 1913 3744 Titularis
1966 3679 2291 3745 ecclesiae.
2344 3719 2433 3730 -—
2501 3680 2659 3746 Dixi
2703 3702 2718 3748 :
2770 3703 2922 3769 per-

670 3815 838 3858 sona
889 3802 1152 3876 creat3;
1212 3816 1369 3858 nam
1430 3815 1585 3858 cum
1649 3792 1987 3858 Patronus
2040 3793 2219 3859 idem
2273 3794 2363 3858 sit
2431 3817 2510 3859 ac
2558 3796 2923 3861 advocatus

670 3928 793 3972 seu
845 3906 1239 3972 intercessor
1288 3907 1474 3992 apud
1517 3907 1883 3993 majorem,
1929 3930 1995 3971 v.
2056 3930 2154 3994 g.,
2206 3907 2617 3997 principem,
2660 3914 2731 3972 et
2768 3931 2923 3998 per—

671 4043 839 4086 sona
906 4021 1132 4085 divina
1201 4019 1530 4106 majorem
1596 4042 1668 4084 se
1736 4033 1872 4085 non
1934 4019 2214 4100 habeat,
2275 4022 2420 4086 haec
2485 4028 2717 4109 potest
2776 4045 2923 4088 esse

669 4133 969 4214 Titulus,
1012 4157 1149 4198 non
1196 4157 1359 4199 vero
1409 4133 1752 4198 Patronus
1789 4133 2126 4214 ecclesiae3
2173 4133 2316 4222 ipse
2366 4132 2722 4216 ChristuS,
2763 4133 2927 4201 licet

733 4329 752 4364 ¹
789 4329 988 4393 Guyet,
1020 4329 1395 4394 Heortoloyia,
1426 4329 1518 4377 lib.
1553 4327 1601 4388 1,
1633 4343 1681 4377 c.
1714 4344 1784 4387 iv,
1819 4345 1897 4388 vt,
1931 4327 2203 4389 venetiis,
2232 4333 2381 4390 1729,
2414 4346 2465 4393 p.
2499 4335 2558 4378 20
2590 4345 2671 4392 sq.
