3192 5025
570 470 643 524 28
1481 474 1570 524 DE
1608 474 1943 526 ECCLESHS

573 637 652 676 ex
705 615 898 693 Goar,
949 614 1420 701 Eucholoqium
1473 618 1865 697 Groecorum,
1932 618 2031 678 tit.
2102 615 2272 678 Ordo
2314 623 2375 676 et
2421 613 2699 698 officium
2762 615 2827 675 in

574 720 974 783 dedicatione
1002 708 1226 804 templi
1246 723 1292 791 ¹,

658 827 724 885 5⁰
775 826 936 887 Cum
985 848 1277 889 numerus
1325 828 1727 888 ecclesiarum
1776 827 2340 888 consecrandarum
2388 826 2719 900 crevisset,
2768 832 2833 885 et

578 930 940 1011 episcopm,
977 932 1113 993 aliis
1151 932 1446 1011 gravibus
1484 932 1793 992 distentus
1832 932 2029 1003 ουκ-ἦε,
2072 932 2176 991 vix
2215 952 2328 1013 par
2364 938 2493 991 erat
2540 930 2831 990 omnibus

575 1033 854 1095 ecclesiis
883 1036 1351 1108 consecrandi5‚
1387 1035 1756 1097 universalis
1785 1037 2087 1117 paulatim
2117 1032 2385 1096 invaluit
2413 1034 2829 1107 consuetud0‚

578 1138 640 1197 vi
671 1139 851 1221 cujus
883 1141 1121 1201 licitum
1153 1141 1273 1200 suit
1300 1140 1613 1201 celebrare
1642 1142 1891 1201 missam
1922 1142 1988 1200 in
2018 1140 2275 1202 ecclesia
2308 1142 2495 1201 etiam
2528 1161 2654 1200 non
2682 1160 2833 1200 con-

577 1251 852 1318 secrata,
885 1244 1076 1305 modo
1105 1267 1290 1325 quam
1323 1245 1591 1326 primum
1624 1253 2115 1306 consecraretur.
2148 1281 2228 1289 —
2260 1245 2463 1325 Hujus
2498 1252 2833 1305 consuetu-

581 1346 772 1423 dinis,
815 1350 1045 1409 saeculo
1075 1372 1209 1423 xm,
1243 1350 1420 1410 testis
1459 1359 1552 1410 est
1581 1352 1714 1430 ipse
1744 1350 2085 1429 Gregorius
2118 1350 2233 1423 lx,
2270 1357 2399 1409 tum
2438 1370 2577 1430 cap.
2610 1348 2835 1410 Eccle-

579 1450 710 1529 siae,
730 1454 790 1525 9,
817 1454 910 1512 De
934 1475 1296 1514 muUNITATE
1325 1476 1514 1529 scen,
1537 1463 1670 1515 tum
1692 1474 1829 1535 cap.
1855 1453 1931 1515 Si
1956 1454 2241 1531 ecclesia,
2266 1457 2362 1527 10,
2388 1456 2482 1514 Da
2506 1474 2835 1513 consueru-

581 1576 749 1616 'none
777 1578 1087 1631 noctesve,
1123 1560 1186 1618 in
1214 1580 1341 1640 quo
1373 1557 1558 1619 dicit:
1593 1585 1623 1614 «
1652 1560 1716 1617 Si
1746 1558 2003 1619 ecclesia
2034 1579 2161 1618 non
2181 1565 2617 1619 consecrata...
2646 1558 2839 1618 fuerit

582 1661 822 1741 polluta
839 1708 853 1735 ‚
875 1683 1036 1743 aqua
1053 1662 1340 1742 protinus
1357 1664 1701 1723 exorcizata
1724 1663 1989 1738 lavetur,
2010 1683 2087 1723 ne
2103 1661 2337 1724 divinae
2360 1660 2569 1723 laudis
2590 1683 2835 1746 orqana

579 1764 1073 1846 suspendantur.
1119 1767 1230 1826 Est
1273 1776 1512 1843 tamen,
1560 1788 1748 1849 quam
1788 1767 1971 1827 citius
2012 1768 2267 1847 poterit,
2308 1765 2753 1828 consecranda.
2798 1791 2831 1823 ι)

583 1868 747 1948 Ergo
776 1869 942 1930 licite
973 1871 1034 1929 in
1066 1871 1342 1932 ecclesiis
1382 1892 1507 1931 non
1536 1872 1917 1932 consecratis
1938 1870 2226 1933 divinum
2258 1870 2565 1954 officium,
2601 1880 2665 1931 et
2692 1892 2835 1952 pro·

581 1972 726 2032 inde
775 1980 882 2048 (ut
924 1973 1262 2033 advertunt
1304 1982 1554 2049 omnes)
1584 1996 1727 2056 pars
1758 1975 2069 2055 praecipua
2112 1974 2310 2034 divini
2354 1975 2571 2049 officii,
2612 1973 2674 2032 id
2706 1980 2833 2049 est,

545 2092 550 2097 ’
583 2077 800 2149 missa,
843 2077 1142 2137 celebrari
1166 2086 1428 2159 >poterat
1453 2079 1497 2139 ².
1546 2080 1959 2140 Luculentum
2006 2079 2240 2159 pariter
2280 2078 2511 2159 legitur
2551 2078 2835 2160 ejusdem

579 2181 1052 2241 consuetudinis
1096 2182 1447 2263 exemplum
1497 2183 1717 2243 eodem
1773 2191 2050 2264 tempore
2108 2184 2169 2241 in
2222 2204 2401 2243 conc.
2452 2182 2835 2243 Londinensi

583 2290 711 2359 (an.
751 2284 971 2362 1237),
1005 2307 1142 2346 can.
1184 2286 1280 2346 1³.

661 2392 729 2448 6⁰
769 2390 860 2449 Ne
901 2397 1107 2449 tamen
1147 2393 1404 2470 praefata
1445 2392 1703 2453 ecclesia
1744 2413 1868 2452 non
1909 2399 2301 2467 consecrata,
2337 2392 2399 2450 in
2430 2412 2549 2471 qua
2586 2411 2839 2450 resona-

582 2492 735 2554 bant
763 2492 991 2554 divinae
1023 2495 1223 2555 laudis
1253 2518 1512 2576 organa,
1543 2495 1823 2578 qualibet
1841 2495 2235 2557 dedicatione
2256 2517 2467 2556 carere
2489 2495 2833 2570 videretur,

583 2598 880 2679 paulatim
921 2600 1168 2660 invecta
1209 2609 1302 2662 est
1341 2602 1427 2661 sic
1465 2601 1630 2662 dicta
1674 2599 2029 2661 benedictio
2071 2600 2380 2674 ecclesiae,
2428 2599 2492 2659 id
2536 2609 2633 2660 est
2674 2601 2836 2660 ritus

585 2704 808 2780 minor,
843 2711 904 2764 et
935 2705 1134 2765 multo
1165 2705 1413 2765 brevior
1441 2705 1943 2779 consecratione,
1977 2706 2084 2786 qui
2115 2705 2299 2766 etiam
2331 2725 2365 2764 a
2397 2705 2664 2785 simplici
2698 2725 2839 2785 pre-

585 2807 870 2888 sbyterm
913 2829 1054 2868 cum
1091 2809 1487 2888 delegatione
1525 2810 1835 2890 episcopi,
1874 2809 2111 2890 expleri
2149 2817 2393 2890 posset,
2437 2829 2635 2890 usque
2682 2809 2835 2868 dum

583 2912 913 2993 episcopus
952 2914 1409 2974 consecrationi
1447 2914 1726 2994 ejusdem
1766 2913 2039 2973 ecclesiae
2084 2934 2303 2973 vacare
2341 2921 2574 2994 posset.
2622 2913 2833 2988 Unde,

586 3011 798 3097 primis
840 3016 1256 3097 temporibu5‚
1289 3016 1645 3078 benedictio
1674 3038 1797 3077 non
1830 3025 1965 3077 erat
1992 3017 2108 3076 nisi
2148 3017 2211 3076 in
2247 3017 2591 3077 subsidium
2621 3037 2839 3077 conse-

580 3119 908 3198 crationi-3,
934 3142 1074 3201 quoe
1105 3142 1351 3202 semper
1379 3121 1723 3182 necessaria
1754 3121 2138 3195 remanebat,
2164 3129 2234 3180 ut
2263 3129 2437 3201 patet
2464 3122 2569 3183 cit.
2600 3141 2739 3202 cap.
2764 3119 2842 3182 Si

585 3224 869 3286 ecclesia.
914 3262 993 3269 —-
1023 3225 1256 3286 Verum
1297 3247 1372 3286 eo
1411 3247 1608 3306 usquc
1648 3226 1951 3306 processit
1996 3234 2059 3286 et
2100 3225 2366 3286 invaluit
2410 3225 2835 3301 consuetudO,

586 3337 656 3389 ut
685 3351 801 3410 pro
833 3330 960 3390 scre
990 3331 1282 3390 omnibus
1312 3330 1588 3390 ecclesiis
1619 3328 1976 3390 benedictio
2005 3330 2189 3410 plene
2218 3331 2549 3390 sufficeret.

1034 3590 1071 3662 5
1108 3591 1176 3646 2.
1217 3591 1324 3648 De
1362 3589 1719 3647 ministro
1759 3589 2383 3648 consecrassonIS.

680 3775 719 3841 1
737 3774 812 3840 1.
843 3811 932 3820 —-
961 3773 1330 3840 Minister
1367 3773 1986 3842 consecrationis
2017 3773 2279 3860 quoad
2316 3772 2838 3842 validitatem.

679 3890 744 3951 1⁰
805 3884 1120 3951 Minister
1179 3887 1571 3951 ordinarius
1641 3885 2168 3951 consecrationis
2228 3885 2666 3950 ecclesiarum
2732 3895 2841 3952 est

651 4047 668 4080 ¹
704 4045 928 4097 Lutetiae
953 4045 1320 4104 Parisiorum,
1348 4051 1489 4108 1647,
1515 4062 1568 4110 p.
1603 4051 1720 4107 838,
1752 4051 1861 4094 850.

649 4125 672 4159 ²
704 4123 976 4173 Celebrari
1016 4125 1256 4186 poterat,
1291 4125 1444 4174 addit
1481 4124 1673 4174 Abbas
1712 4124 2153 4181 PanormitanuS,
2192 4145 2217 4168 ει
2249 4125 2302 4171 in
2335 4125 2490 4172 altari
2532 4125 2777 4187 portatili
2814 4143 2839 4169 a

584 4202 832 4266 (Alabim,
863 4203 916 4249 in
942 4217 1060 4264 cap.
1091 4203 1148 4250 Si
1175 4201 1426 4260 ecclesia,
1460 4203 1545 4250 cd.
1569 4203 1839 4258 venetiis,
1873 4207 2023 4262 1605,
2058 4206 2096 4250 t.
2124 4217 2205 4260 w,
2240 4202 2328 4248 foi.
2360 4207 2448 4250 198
2478 4203 2674 4250 recto).

651 4282 673 4316 ³
705 4281 907 4340 Menai,
942 4279 1208 4338 Conciti-2,
1239 4285 1278 4330 t.
1315 4297 1464 4339 xxiii,
1497 4282 1600 4328 col.
1635 4284 1883 4328 -157-448.
