3192 5025
991 461 1078 512 DE
1116 461 1476 513 ORATORIIS
1513 461 1911 513 DOMESTICIS
2478 460 2577 514 173

307 604 424 669 An
459 605 899 692 reqularihus
934 605 1159 669 liceret
1201 605 1435 670 missas
1465 605 1805 670 celebrare
1837 606 1907 669 in
1948 607 2263 671 oratoriis
2293 608 2578 692 privatae

305 721 558 785 domus
594 719 831 784 diebus
871 720 1162 805 eoeceptis
1202 720 1272 783 in
1315 719 1581 784 indulto
1623 718 1725 784 vel
1760 719 2078 805 synodali
2107 721 2580 786 constitutione

305 835 710 917 dioecesana,
773 832 1124 921 respondit
1163 852 1180 898 τ
1239 860 1272 893 (ι
1316 833 1645 919 Neqative
1697 855 1831 919 pro
1884 833 2121 898 diebus
2168 836 2459 920 exceptis
2508 835 2581 898 in

307 948 628 1031 indulto,·
663 974 694 1009 >³
734 948 916 1012 unde
946 970 1238 1036 pronum
1277 954 1384 1013 est
1422 946 1850 1028 concludere,
1886 954 1963 1015 ut
2000 948 2206 1013 tacite
2236 948 2582 1014 concludit

303 1062 649 1142 GatticuS,
693 1069 762 1127 et
800 1083 956 1126 cum
995 1084 1075 1126 eo
1117 1061 1303 1127 Fort.
1350 1084 1390 1125 a
1428 1061 1723 1143 Brixia¹,
1769 1041 2163 1149 episcopum
2202 1084 2339 1127 non
2378 1085 2578 1150 posse

304 1177 483 1241 alios
522 1176 669 1241 dies
706 1176 1036 1264 excipere.

403 1291 476 1357 3⁰
534 1289 762 1369 Quum
824 1289 1135 1377 quaedam
1198 1289 1520 1355 clausulae
1551 1264 1558 1275 ⁶
1587 1289 2008 1354 indultorum
2076 1290 2577 1378 pontificiorum

309 1402 452 1465 sint
507 1400 704 1466 valde
767 1398 1120 1487 generales
1178 1406 1246 1465 et
1303 1399 1879 1482 indeterminatae,
1932 1423 1998 1464 v.
2054 1423 2153 1487 g.,
2210 1402 2580 1465 oratorium

307 1516 626 1579 decenter
685 1519 1106 1596 extructum,
1159 1521 1514 1596 ornatum,
1568 1520 1732 1595 etc.,
1781 1514 1899 1600 jus
1957 1513 2163 1580 habet
2224 1515 2580 1603 episcopus

309 1652 432 1695 eas
479 1627 1008 1709 determinandi,
1061 1627 1552 1716 praecipiendO,
1600 1629 1807 1693 etiam
1855 1650 1987 1714 per·
2040 1636 2297 1695 statuta
2350 1630 2581 1694 dioece-

307 1764 512 1827 sana,
576 1765 654 1807 ea
710 1765 862 1830 quae
923 1741 1012 1807 ad
1068 1765 1211 1806 rem
1273 1742 1618 1830 pertinent
1662 1761 1677 1808 ε
1730 1742 1914 1831 quod
1961 1742 2077 1829 jus
2134 1742 2440 1831 sequitur
2494 1766 2580 1808 ex

309 1864 554 1923 tenore
603 1855 885 1937 indulti,
921 1855 1122 1943 juxta
1171 1856 1353 1944 quod
1401 1855 1801 1944 approbatio
1850 1857 2125 1923 oratorii
2174 1856 2580 1944 relinquitur

311 1968 596 2035 arbitrio
660 1971 983 2057 episcopi.
1054 1972 1200 2037 Hoc
1254 1969 1370 2058 jus
1433 1971 1709 2035 omnino
1768 1980 2163 2059 supponunt
2224 1970 2573 2053 doctoreS,

313 2108 383 2149 v.
431 2108 530 2172 g.,
575 2084 918 2165 GatticuS,
967 2084 1374 2150 Benedictus
1412 2084 1594 2166 XIV,
1640 2088 1835 2151 etc.².

408 2311 546 2380 96.
597 2348 676 2359 —
713 2310 988 2387 Quoad
1029 2313 1378 2380 oratoria
1416 2312 1849 2380 domestica
1887 2312 1988 2380 ab
2036 2314 2237 2401 ipsis
2277 2314 2583 2401 episco-

313 2428 448 2516 pis
488 2444 889 2494 concessa.
915 2464 1006 2473 —
1032 2421 1304 2490 Nemini
1345 2425 1627 2491 dubium
1668 2447 1816 2491 esse
1848 2433 2073 2515 potest
2104 2427 2293 2515 quin,
2328 2427 2580 2492 virtute

314 2540 572 2607 indulti
623 2566 664 2607 a
714 2543 914 2608 Rom.
976 2541 1302 2606 Pontifice
1360 2541 1701 2623 concessi,
1759 2541 1977 2628 possit
2025 2541 2383 2630 episcopus
2436 2543 2580 2606 suis

313 2656 724 2721 dioecesanis
763 2655 1131 2722 concedere
1159 2655 1590 2743 privilegium
1630 2655 1902 2720 oratorii
1942 2655 2298 2721 domestici
2334 2675 2349 2722 τ
2394 2656 2577 2744 quod

312 2769 662 2835 indultum
700 2793 936 2836 revera
986 2792 1123 2834 non
1167 2769 1369 2856 pauci
1415 2769 1716 2857 episcopi
1755 2769 2113 2856 recipiunt.
2165 2769 2407 2852 Porr0,
2453 2770 2580 2835 hoc

315 2891 597 2970 accepto
638 2884 906 2949 indulto
937 2904 954 2950 :

413 3000 484 3061 10
519 2998 864 3062 Tenentur
915 2997 1212 3086 episcopi
1261 2996 1495 3062 stricte
1548 2996 1876 3061 inhaerere
1929 2995 2157 3061 verbis
2210 2996 2459 3061 indulti
2513 3004 2582 3063 et

316 3111 601 3200 proinde
627 3133 865 3176 ornnes
889 3111 1336 3192 conditioneS,
1368 3111 1436 3173 in
1463 3132 1542 3173 eo
1571 3110 1907 3196 praefian,
1938 3110 2249 3197 religiose
2281 3133 2575 3177 servare.

409 3225 483 3289 2⁰
525 3225 735 3290 Decet
771 3233 879 3305 ut,
924 3224 1195 3312 quando
1235 3224 1305 3287 vi
1343 3223 1593 3288 indulti
1638 3223 1971 3313 pontificii
2008 3224 2393 3289 concedunt
2429 3248 2581 3290 ora-

317 3339 494 3404 toria
531 3339 937 3420 domestica,
983 3337 1348 3403 adhibeant
1394 3337 1737 3403 clausulas
1784 3361 1954 3426 quas
2002 3338 2135 3427 ipsi
2176 3338 2575 3421 Pontificem,

315 3459 398 3517 ut
436 3452 766 3535 vidimuS,
809 3452 879 3516 in
929 3452 1072 3517 suis
1121 3449 1406 3516 indultis
1453 3449 1813 3534 adhibent,
1857 3450 1984 3517 hoc
2031 3459 2262 3516 tamen
2310 3451 2575 3534 addito,

316 3567 669 3632 Romanos
687 3565 1054 3632 Pontifices
1093 3563 1461 3630 concedere
1495 3565 1705 3630 etiam
1736 3564 1999 3630 indulta
2021 3565 2575 3648 extraordinaria,

385 3720 400 3753 ¹
444 3719 718 3778 GatticuS,
745 3735 793 3768 c.
817 3733 992 3778 xxvn,
1023 3734 1076 3768 n.
1109 3723 1196 3779 103
1223 3745 1284 3755 -
1307 3717 1364 3766 F.
1398 3733 1428 3766 a
1455 3717 1661 3777 Brixia,
1694 3719 1767 3768 De
1790 3718 2051 3768 orator-iis
2076 3719 2411 3777 domesticis,
2444 3735 2490 3769 c.
2524 3735 2577 3778 11,

317 3798 595 3846 animadv.
627 3803 712 3856 13,
749 3798 842 3847 cit.
875 3798 981 3856 ed„
1021 3813 1074 3861 p.
1108 3801 1217 3845 368.
1253 3823 1308 3832 -
1339 3797 1472 3844 Mihi
1504 3800 1687 3846 tamen
1727 3798 1923 3861 ingerit
1957 3798 2178 3861 aliquod
2207 3797 2431 3846 dubium
2464 3798 2580 3847 Cle-

316 3876 521 3926 mentis
551 3874 624 3923 XI
658 3875 938 3924 decretum
973 3874 1240 3932 Quoniam
1274 3877 1488 3931 sancta,
1529 3874 1733 3937 pluries
1771 3876 2088 3938 allegatum,
2130 3876 2185 3922 in
2224 3891 2332 3938 quo
2362 3877 2579 3938 vitupe-

317 3953 428 4002 rari
459 3953 716 4003 videntur
735 3953 1028 4017 Regulares
1059 3954 1150 4016 qui
1181 3953 1462 4002 celebrant
1488 3953 1544 4000 in
1573 3954 1827 4002 oratoriis
1856 3953 2171 4004 domesticis
2204 3954 2398 4003 diebus
2427 3969 2582 4003 exce-

318 4033 434 4095 ptis
478 4046 584 4094 per
624 4030 1040 4081 constitutiones
1081 4030 1442 4090 dioecesanas,·
1489 4033 1546 4081 at
1602 4031 1720 4081 hoec
1770 4032 2021 4095 leguntur
2068 4033 2123 4080 in
2169 4036 2324 4096 parte
2376 4033 2581 4081 decreti

319 4112 536 4159 tantum
563 4109 870 4168 nar-rstica,
903 4124 1012 4159 non
1041 4108 1380 4173 dispositiva.

385 4187 410 4222 ²
444 4187 721 4247 Gemens,
755 4203 801 4237 c.
833 4203 986 4246 xxm,
1018 4202 1072 4236 n.
1103 4192 1157 4244 6;
1190 4215 1251 4225 -
1285 4187 1613 4237 Benedictus
1644 4187 1789 4248 XIV,
1822 4192 1937 4239 tum
1970 4189 2046 4238 De
2072 4189 2311 4254 synodo,
2344 4187 2440 4236 lib.
2476 4187 2579 4247 vl,

322 4281 369 4315 c.
403 4283 448 4324 ι,
482 4282 533 4314 n.
568 4273 622 4323 2,
657 4271 774 4316 tum
804 4267 858 4315 in
889 4266 1098 4329 encyci.
1131 4265 1356 4331 Magno,
1388 4270 1412 4326 ἓ
1443 4271 1520 4315 26.
