3192 5025
558 426 663 480 374
1395 431 1483 479 DE
1522 429 1707 481 LOCIS
1746 430 1973 480 SACRIS

562 572 890 633 missarum
944 572 1111 651 leges
1158 580 1268 633 aut
1315 574 1749 633 confusionem
1803 579 1912 632 aut
1959 570 2206 631 facilem
2253 572 2829 650 transgressionem

562 676 958 751 paterentur,
1009 668 1128 728 nisi
1168 677 1230 728 et
1277 668 1442 730 forte
1495 690 1706 729 earum
1768 668 2163 729 observantia
2222 667 2353 727 fere
2408 668 2833 748 impossibilis

566 767 764 826 fieret.

643 862 795 929 Quae
825 861 1076 942 quidem
1106 861 1312 921 omnia
1344 882 1484 921 cum
1526 862 1758 942 pluries
1788 882 1860 921 ac
1891 861 2234 943 praesertim
2273 860 2337 919 in
2370 882 2494 921 una
2536 860 2831 920 Romana

565 955 956 1035 Duhiorum,
993 958 1056 1017 in
1099 965 1416 1017 conventu
1461 957 1678 1018 habito
1722 958 1822 1017 die
1866 960 1943 1017 23
1984 958 2237 1036 augusti
2285 958 2473 1031 1890,
2516 977 2833 1037 perpensa

565 1054 860 1127 fuissent,
910 1054 972 1115 S.
1021 1053 1153 1114 Rit.
1205 1052 1658 1134 Congregatio,
1690 1054 1882 1114 dilata
1932 1053 2348 1127 resolutione,
2395 1052 2687 1113 decrevit
2728 1062 2829 1122 ut,

567 1149 643 1210 ad
676 1170 925 1210 omnem
956 1148 1388 1211 difficultatem
1420 1151 1669 1232 penitus
1699 1150 2179 1233 amputandam,
2211 1158 2399 1209 certae
2436 1170 2681 1209 normae
2714 1149 2835 1208 hac

566 1247 628 1305 in
673 1267 739 1306 re
790 1245 1097 1307 universis
1152 1246 1581 1307 sacerdotibus
1625 1247 1685 1306 in
1744 1247 2007 1327 singulis
2058 1246 2307 1307 casibus
2360 1247 2833 1307 constitueren-

571 1350 694 1403 tur.
733 1341 976 1403 Idcirco
1006 1343 1069 1402 in
1099 1342 1428 1403 ordinariis
1471 1344 1741 1403 comitiis
1784 1344 1862 1403 ad
1906 1343 2272 1403 Vaticanum
2318 1342 2689 1421 subsignata
2730 1342 2835 1401 die

567 1439 828 1511 habitis,
862 1438 1023 1499 hanc
1061 1439 1412 1517 generalem
1443 1439 1721 1519 regulam
1750 1439 1831 1499 ab
1863 1439 2153 1499 omnibus
2184 1437 2555 1499 servandam
2590 1438 2835 1497 consti—

569 1535 688 1595 tuit
723 1552 736 1595 ε

649 1632 884 1691 Omnes
927 1638 986 1690 et
1031 1630 1258 1711 singuli
1288 1632 1676 1705 sacerdoteS,
1710 1640 1837 1691 tarn
1882 1630 2209 1691 saeculares
2254 1650 2441 1711 quam
2474 1629 2831 1709 regulares,

569 1728 646 1787 ad
679 1726 1002 1787 ecclesiam
1027 1727 1416 1786 confluentes
1445 1726 1545 1785 vel
1575 1727 1653 1786 ad
1686 1727 2027 1787 oratorium
2059 1726 2405 1807 publicum,
2437 1727 2663 1785 missas
2688 1746 2833 1785 cum

572 1824 944 1883 Sanctorum
989 1842 1130 1882 cum
1176 1822 1544 1897 Beatorum,
1597 1824 1714 1883 etsi
1762 1823 2163 1903 Regularium
2210 1822 2527 1903 propriaS,
2572 1823 2837 1883 omnino

574 1919 893 1979 celebrent
937 1918 1148 1979 officio
1192 1918 1471 1999 ejusdem
1517 1919 1797 1980 ecclaeiae
1838 1920 1935 1979 vel
1982 1918 2241 1979 oratorii
2272 1918 2667 1987 conformes,
2701 1918 2835 1977 sive

575 2014 696 2075 illae
725 2015 792 2073 in
821 2034 1100 2089 roman0‚
1135 2015 1265 2074 sive
1295 2016 1358 2074 in
1388 2015 1796 2094 Regularium
1826 2014 2057 2075 missali
2088 2016 2527 2090 continentur;
2560 2016 2837 2074 exclusis

575 2119 783 2171 tamen
813 2110 1234 2190 peculiaribus
1262 2111 1485 2171 ritibus
1517 2112 1823 2171 ordinum
1850 2111 2141 2193 propriis.

652 2207 715 2265 Si
757 2226 906 2265 vero
947 2207 1012 2265 in
1060 2206 1228 2266 dicta
1273 2207 1532 2269 ecclesia
1585 2209 1685 2268 vel
1728 2207 2037 2285 oratorio,
2074 2208 2353 2268 officium
2396 2208 2558 2267 ritus
2593 2206 2835 2288 duplici

576 2302 885 2363 inferioris
927 2308 1180 2382 agatur,
1212 2303 1546 2385 unicuique
1575 2326 1653 2364 ex
1683 2304 2141 2365 celebrantibus
2171 2304 2434 2364 liberum
2467 2304 2553 2363 sit
2578 2305 2837 2363 missam

577 2400 653 2462 de
684 2398 923 2480 Requie
953 2419 1270 2479 peragere,
1305 2400 1404 2459 vel
1435 2401 1713 2460 votivam
1733 2450 1747 2474 ,
1781 2401 1881 2459 vel
1913 2400 2101 2461 etiam
2136 2400 2213 2461 de
2252 2400 2614 2460 occurrenti
2648 2399 2834 2473 feria3

579 2497 654 2555 iis
719 2504 924 2556 tamen
979 2496 1256 2577 exceptis
1311 2496 1530 2557 diebus
1581 2496 1646 2556 in
1682 2496 1909 2579 quibus
1950 2496 2239 2578 praefatas
2288 2496 2511 2557 missas
2568 2496 2841 2557 rubricae

587 2593 851 2653 missalis
881 2593 1119 2652 romani
1153 2592 1250 2652 vel
1281 2593 1345 2653 S.
1379 2594 1458 2654 R.
1495 2593 1568 2653 C.
1606 2594 1872 2653 Decreta
1902 2594 2259 2674 prohibent.

663 2690 781 2748 Die
809 2693 850 2747 9
873 2689 1016 2768 julii
1049 2689 1224 2749 1895.

661 2786 863 2870 Super
889 2785 1121 2866 quibus
1157 2785 1449 2845 omnibus
1489 2787 1651 2846 sacta
1690 2785 2091 2866 postmodum
2122 2785 2532 2846 Sancti-asinio
2562 2787 2845 2846 Domino

583 2881 814 2940 Nostro
861 2881 1054 2941 Leoni
1105 2881 1290 2963 Papae
1333 2881 1482 2941 XIII
1531 2902 1645 2962 per
1688 2882 2089 2942 secretarium
2142 2881 2477 2956 relatione,
2526 2883 2847 2943 Sanctitas

583 2977 706 3035 Sua
735 2978 1110 3037 sententiam
1139 2977 1420 3058 ejusdem
1449 2979 1514 3038 S.
1547 2977 2068 3058 Congregationis
2098 2984 2296 3039 ratam
2332 2978 2559 3038 habuit
2598 2986 2663 3038 et
2696 2999 2848 3038 con-

586 3073 886 3146 firmavit3
921 3073 1218 3155 rescripta
1249 3095 1356 3134 seu
1388 3074 1659 3148 decreta,
1682 3082 1816 3134 tum
1848 3073 2245 3155 particularia
2272 3082 2405 3134 tum
2436 3075 2629 3134 etiam
2660 3095 2849 3154 gene-

589 3169 764 3244 ralia,
805 3169 871 3228 in
909 3170 1292 3230 contrarium
1333 3169 1655 3243 facientia,
1698 3191 1986 3251 suprema
2026 3172 2398 3230 auctoritate
2436 3191 2549 3230 sua
2592 3173 2853 3252 penitus

587 3266 966 3345 abrogando.
1005 3266 1120 3324 Die
1147 3269 1189 3325 9
1215 3267 1446 3325 mensis
1475 3266 1823 3327 decembris
1850 3266 2071 3326 eodem
2098 3287 2286 3327 anno.

591 3501 979 3584 Sequuntur,
1013 3499 1097 3563 ad
1127 3501 1516 3562 intellectum
1539 3501 2194 3584 elimet-pretationem
2224 3501 2579 3584 superioris
2608 3501 2858 3563 decreti

669 3597 990 3681 qeneralis
1019 3595 1310 3682 quaedam
1341 3595 1588 3660 decreta
1628 3597 2057 3680 particularia
2092 3596 2375 3680 ejusdem
2410 3597 2477 3660 S.
2511 3598 2644 3659 Rit.
2682 3599 2857 3659 Con-

603 3689 624 3706 ⁸
671 3693 1087 3776 qreqationis.

1499 3843 1560 3898 1⁰
1591 3836 1878 3900 Dubium
1902 3840 1945 3900 ¹.

677 3992 1090 4073 Quamplures
1119 3993 1490 4071 RegulareS,
1533 3993 1775 4053 ratione
1818 4013 1946 4053 suae
1988 3993 2334 4053 vocationis
2358 4000 2428 4054 et
2454 3993 2857 4074 praedicatio—

603 4087 727 4160 niS,
772 4089 1107 4168 quotannis
1153 4110 1263 4168 per
1300 4089 1835 4169 quadragesimam
1886 4097 2114 4163 totam,
2162 4110 2273 4170 per
2310 4109 2561 4151 menses
2596 4090 2745 4150 maii
2790 4099 2855 4148 et

665 4239 682 4273 ¹
717 4239 945 4289 Decreta
968 4241 1142 4298 auth„
1174 4257 1226 4289 n.
1259 4245 1410 4300 3883,
1441 4245 1480 4291 t.
1515 4258 1594 4300 ιιι,
1630 4259 1681 4305 p.
1714 4247 1823 4290 29⁶1.
