3192 5025
1090 497 1179 546 DE
1216 497 1573 548 ORATORIIS
1613 496 1910 548 PUBLICIS
2519 495 2628 547 135

364 641 675 705 sionibus
726 639 928 722 ortis3
983 639 1125 704 haec
1177 639 1428 705 decisio
1479 641 1638 704 data
1690 647 1796 706 est
1845 641 1916 706 in
1963 640 2617 726 Marianopolitana‚

362 755 451 822 29
490 778 653 821 nov.
702 753 907 836 1878,
949 756 1021 819 in
1059 777 1193 843 qua
1240 778 1642 842 responsum
1691 762 1796 820 est
1831 775 1845 821 :
1895 783 1928 814 «
1972 755 2357 820 Dummodo
2397 760 2622 819 orato-

359 870 543 934 rium
586 869 863 958 (nempe
910 868 1169 957 capella
1217 868 1612 957 principalis
1669 869 2013 935 seminarii
2061 868 2370 958 majoris)
2421 867 2623 934 fuerit

360 989 838 1048 consecratum
884 990 953 1048 et
998 1005 1135 1047 non
1186 982 1586 1072 simpliciter
1633 982 2098 1064 benedictum,
2140 983 2622 1048 celebrandum

358 1121 501 1162 esse
561 1098 871 1182 officium
925 1105 1069 1163 tam
1129 1098 1347 1162 sancti
1405 1097 1706 1163 titularis
1767 1120 1970 1186 quam
2031 1098 2529 1162 dedicationi-3¹.
2587 1123 2619 1158 »

358 1212 531 1276 Haec
561 1211 837 1294 decisi0,
881 1234 1031 1299 quae
1068 1211 1345 1299 respicit
1383 1212 1753 1276 oratorium
1792 1211 2370 1300 semi-publicum,
2413 1235 2451 1276 a
2489 1210 2619 1275 for-

354 1326 523 1390 tiori
560 1325 743 1392 valet
779 1348 902 1414 pro
939 1325 1235 1413 publicu.
1326 1395 1337 1404 ,

452 1440 525 1504 h.
588 1439 761 1505 Item
799 1439 1051 1504 festum
1098 1441 1314 1505 sancti
1362 1439 1657 1505 titularis
1702 1439 2184 1505 celebrandum
2233 1446 2338 1505 est
2384 1439 2622 1504 eodem

352 1574 643 1641 prorsus
680 1551 881 1617 modo
921 1558 989 1617 et
1034 1552 1171 1618 ritu
1208 1576 1285 1618 ac
1325 1553 1582 1618 dictum
1631 1559 1738 1618 est
1775 1576 1897 1640 pro
1945 1552 2276 1618 ecclesiis,
2320 1590 2407 1602 —
2447 1551 2622 1616 Con-

354 1673 501 1732 stat
542 1689 625 1731 ex
663 1665 863 1732 dictis
902 1689 1139 1753 supra,
1184 1688 1253 1733 n.
1300 1667 1435 1736 24.

454 1781 523 1844 2⁰
559 1780 967 1846 Benedictio,
1002 1819 1087 1832 —
1127 1780 1301 1861 Quia
1341 1780 1634 1846 oratoria
1681 1803 1819 1845 non
1859 1779 2085 1846 solent
2131 1785 2322 1845 tanta
2361 1776 2624 1844 stabili-

350 1901 503 1960 tate
544 1893 673 1959 frui
712 1917 789 1959 ac
828 1893 1164 1976 ecclesiae,
1208 1917 1359 1960 raro
1398 1901 1903 1978 consecrantur,
1949 1901 2018 1960 et
2053 1894 2207 1959 ideo
2256 1891 2625 1957 recurritur

350 2007 450 2072 ad
484 2008 1037 2075 benedictionem.

452 2145 515 2186 a.
556 2121 785 2188 Datur
822 2121 1148 2208 ohliqatio
1195 2123 1437 2187 saltem
1483 2123 1916 2188 benedicendi
1963 2121 2284 2187 oratoria.
2328 2157 2417 2170 —
2455 2119 2624 2184 Pro-

352 2235 547 2301 batio
584 2235 788 2324 hujus
825 2236 1313 2323 propositionis
1351 2258 1488 2301 non
1536 2243 1722 2302 caret
1759 2236 2192 2318 difficultate,
2237 2234 2394 2323 quia
2431 2233 2624 2299 deest

348 2355 593 2415 textus
641 2349 849 2438 juri5‚
912 2351 1086 2414 hanc
1142 2349 1321 2416 clare
1378 2351 1738 2438 imponens
1794 2350 2320 2438 obligationem3
2388 2354 2624 2412 textus

346 2463 545 2529 enim
590 2485 783 2529 conc.
836 2463 1049 2546 Trid.‚
1113 2464 1383 2530 decreto
1440 2463 1708 2541 Quanta
1759 2487 1958 2550 cura,
2013 2486 2182 2531 sess.
2247 2461 2470 2543 XXII,
2525 2461 2623 2526 De

346 2578 876 2644 observandi-3...
950 2579 1019 2643 in
1085 2580 1529 2644 celebratione
1599 2580 1811 2645 missae
1851 2603 1876 2646 .·
1945 2606 1976 2640 «
2021 2579 2211 2645 Neve
2279 2577 2623 2665 patiantur

347 2692 734 2781 (episcopi)
771 2694 1059 2780 privatis
1106 2693 1177 2757 in
1228 2692 1541 2759 domibus
1589 2701 1794 2782 atque
1842 2693 2121 2758 omnino
2170 2698 2361 2757 extra
2409 2688 2619 2755 eccle-

343 2806 533 2871 siam
588 2814 657 2872 et
712 2807 801 2871 ad
856 2807 1164 2872 divinum
1222 2814 1492 2873 tantum
1552 2808 1818 2873 cultum
1873 2808 2177 2871 dedicata
2231 2804 2614 2871 oratoria...

342 2918 765 2985 sacrificium
798 2920 1075 3010 (missae)
1106 2920 1375 3007 peragi,
1418 2948 1451 2982 »
1490 2928 1724 2986 textus
1755 2920 1896 3001 hic,
1940 2921 2252 3008 inquam,
2287 2916 2618 3006 quidquid

340 3034 593 3099 dicunt
628 3034 872 3122 aliqui,
917 3057 1055 3099 non
1094 3036 1309 3122 cogit,
1354 3035 1511 3124 quia
1552 3036 1697 3101 haec
1735 3034 1943 3101 verba
1982 3035 2070 3099 ad
2106 3034 2415 3098 divinum
2465 3040 2616 3097 tan-

342 3156 505 3213 tum
542 3147 806 3212 cultum
844 3148 1147 3213 dedicata
1176 3148 1471 3235 intelligi
1510 3172 1649 3213 non
1686 3148 1938 3215 debent
1976 3148 2059 3214 de
2095 3148 2231 3213 ritu
2267 3146 2607 3233 liturgico,

338 3260 475 3327 sed
527 3261 609 3326 de
652 3261 971 3327 mandato
1025 3286 1159 3350 quo
1204 3260 1401 3351 jubet
1453 3263 1814 3351 episcopus
1865 3262 2232 3328 oratorium
2285 3258 2610 3325 destinari

338 3374 441 3442 ad
474 3398 641 3440 usus
680 3398 930 3457 sacrm,
973 3398 1099 3441 nec
1137 3376 1429 3465 amplius
1465 3400 1666 3443 usum
1703 3376 2062 3465 profanum
2102 3373 2349 3440 habere
2377 3394 2602 3461 posse.

336 3488 688 3555 Caeterum
735 3489 1028 3576 ipsamet
1073 3489 1422 3578 deputatio
1469 3490 1749 3557 oratorii
1785 3491 1872 3557 ad
1921 3512 2086 3556 usus
2125 3511 2387 3569 sacros,
2431 3486 2607 3551 facta

332 3601 435 3667 ab
486 3602 834 3690 episcope,
888 3602 1137 3669 sufficit
1187 3610 1264 3668 ut
1315 3603 1505 3670 locus
1562 3606 1691 3671 iste
1745 3604 2074 3671 efficiatur
2124 3601 2484 3689 religiosus
2535 3606 2605 3664 et

336 3738 561 3797 sacer,
600 3724 680 3782 ut
716 3716 993 3781 omnino
1031 3724 1299 3782 constat
1338 3741 1423 3783 ex
1460 3740 1610 3805 cap.
1654 3719 1772 3783 Ad
1812 3720 1971 3803 haec,
2007 3719 2072 3800 4,
2117 3718 2219 3781 DE
2257 3735 2602 3781 RELIGIOSIS

330 3850 646 3896 Domum.
689 3830 885 3896 Unde
924 3832 1311 3917 gravissimi
1350 3833 1660 3898 doctores
1699 3834 1934 3899 dicunt
1971 3853 2107 3896 non
2155 3853 2395 3918 urgere
2434 3827 2604 3894 obli-

330 3944 690 4034 gationem
726 3944 1171 4010 benedicendi
1208 3948 1499 4011 oratoria
1517 3949 1561 4013 ¹.

408 4155 426 4190 ¹
459 4155 687 4205 Decreta
714 4156 886 4214 auth„
916 4172 967 4205 n.
1001 4160 1151 4216 3471,
1185 4161 1225 4207 t.
1254 4174 1335 4217 111,
1368 4174 1423 4221 p.
1456 4164 1534 4206 99.

404 4234 427 4269 2
464 4234 528 4283 V.
562 4250 633 4297 g„
664 4234 881 4294 Quarti,
910 4236 1003 4298 qui
1036 4236 1170 4284 dicit
1194 4237 1333 4285 hanc
1364 4251 1482 4285 esse
1518 4236 1830 4299 opinionem
1861 4250 2222 4285 communem.
2249 4235 2316 4283 In
2347 4231 2598 4282 rubricas

332 4312 580 4363 Missalis
602 4312 843 4371 romani,
869 4317 1007 4376 part.
1035 4313 1139 4373 111,
1164 4315 1246 4364 tit.
1270 4331 1328 4375 x,
1354 4329 1405 4362 n.
1434 4320 1483 4374 1,
1508 4318 1640 4365 sect.
1667 4330 1707 4375 1,
1730 4315 1860 4364 dub.
1879 4320 1934 4375 3,
1955 4314 2226 4373 venetiis,
2245 4318 2385 4371 1727,
2409 4328 2462 4376 p.
2482 4314 2594 4359 382.
