3192 5025
621 489 729 542 202
1501 495 1590 545 ns
1628 495 1993 547 ALTARfflus
2083 556 2093 571 .

621 635 816 700 dehet
851 659 987 701 esse
1019 637 1382 723 lapideum.
1425 666 1456 699 »
1491 638 1687 704 Unde
1715 638 2038 726 praefatus
2073 662 2239 704 usus
2275 636 2681 704 universalis
2715 637 2863 724 lege

620 748 871 835 scripta
909 750 1211 837 generali
1250 752 1689 818 confirmatus
1727 761 1853 819 est.
2586 842 2589 847 Ι

710 863 810 929 De
850 886 985 952 quo
1031 866 1327 931 notanda
1375 866 1510 931 duo
1546 886 1561 933 :
1611 867 1671 931 1.
1719 866 2115 955 Requiritur
2151 866 2324 955 lapis
2366 865 2729 947 naturalis,
2772 864 2867 929 ita

616 984 694 1042 ut
732 999 870 1042 non
901 977 1193 1043 sufficiat
1230 984 1628 1065 artesactus,
1665 981 1823 1068 quia
1862 980 2047 1045 solus
2087 979 2201 1045 ille
2239 978 2569 1046 naturalis
2598 978 2867 1067 proprie

616 1098 686 1155 et
741 1090 1140 1178 simpliciter
1199 1095 1369 1179 lapis
1423 1094 1710 1173 dicitur3
1765 1132 1853 1143 —
1904 1094 1971 1159 2.
2028 1094 2293 1160 Sufficit
2348 1094 2522 1182 lapis
2578 1091 2695 1157 ille
2752 1090 2868 1179 qui

614 1204 862 1270 dicitur
946 1205 1190 1292 gallice
1272 1209 1566 1291 ardoise,
1654 1208 1928 1291 schiste,
2016 1216 2095 1274 ut
2176 1215 2444 1274 constat
2527 1205 2867 1272 decisione

613 1320 684 1385 S.
731 1318 985 1402 Officii,
1042 1320 1125 1385 14
1165 1321 1328 1387 maii
1369 1320 1534 1388 1681
1561 1326 1607 1404 ¹,
1661 1329 1729 1388 et
1776 1322 2117 1389 decisione
2165 1323 2235 1388 S.
2288 1322 2428 1388 Bit.
2473 1322 2758 1408 Congr.‚
2801 1320 2869 1385 in

610 1434 997 1519 Lamacen„
1040 1434 1126 1501 29
1165 1458 1306 1523 apr.
1356 1435 1604 1515 1887²;
1651 1460 1786 1502 non
1826 1460 1985 1503 vero
2024 1436 2275 1503 sufficit
2313 1459 2571 1525 gypsus
2612 1435 2871 1523 (pierre

495 1542 500 1549 ’
610 1553 649 1613 ἐι
679 1550 971 1639 ρίάίνε),
1015 1572 1100 1615 ex
1140 1551 1265 1615 hac
1303 1550 1542 1616 eadem
1579 1550 1921 1617 decisione
1961 1576 2072 1618 an.
2120 1550 2316 1617 1887.

700 1664 774 1727 20
835 1665 1046 1729 Unico
1101 1665 1352 1752 lapide,
1410 1665 1505 1731 ita
1563 1673 1643 1731 ut
1700 1666 2059 1755 illegitima
2118 1666 2209 1731 sit
2266 1688 2501 1730 mensa
2547 1670 2871 1729 constans

609 1778 876 1844 duobus
923 1786 1042 1845 aut
1085 1778 1396 1866 pluribus
1442 1779 1817 1868 lapidibus,
1860 1780 2067 1846 etiam
2114 1786 2270 1867 apte
2321 1785 2391 1844 et
2436 1778 2651 1843 solide
2693 1778 2873 1842 inter

609 1914 682 1957 se
721 1892 809 1957 ad
845 1893 1124 1957 modum
1169 1894 1374 1959 unius
1422 1894 1831 1981 conjunctis,
1873 1933 1963 1942 -
1999 1894 2288 1959 Constat
2334 1898 2484 1959 tum
2530 1915 2616 1957 ex
2662 1891 2870 1955 modo

609 2006 931 2094 loquendi
995 2008 1415 2093 Pontificalis
1479 2008 1800 2092 Romani,
1867 2007 2083 2095 quod,
2153 2006 2423 2095 quoties
2490 2006 2723 2093 agitur
2789 2005 2872 2071 de

612 2119 833 2205 lapide
870 2120 1136 2203 altaris,
1181 2144 1449 2209 semper
1485 2122 1683 2186 illum
1721 2123 2030 2187 nominat
2066 2122 2137 2187 in
2175 2143 2459 2188 numero
2498 2120 2866 2207 singulari;

607 2272 697 2283 --
735 2240 880 2299 tum
919 2256 1002 2299 ex
1053 2237 1565 2319 consuetudine,
1610 2259 1794 2324 quae,
1838 2241 1918 2301 ut
1972 2237 2159 2303 aiunt
2205 2235 2437 2322 plures
2483 2234 2801 2300 doctores
2820 2234 2865 2314 ³,

605 2350 942 2415 unitatem
996 2349 1242 2438 lapidis
1301 2350 1596 2431 invexit,
1647 2358 1725 2415 ut
1784 2350 2010 2437 aptius
2060 2356 2581 2438 repraesentetur
2636 2348 2871 2413 unitas

604 2486 912 2554 personae
985 2463 1054 2529 in
1121 2464 1430 2552 Christ03
1499 2502 1588 2514 —-
1654 2472 1802 2530 tum
1876 2486 1961 2530 ex
2034 2463 2343 2553 pluribus
2407 2462 2869 2530 decisionibus

604 2579 677 2645 S.
745 2580 884 2646 Rit.
955 2579 1239 2664 Conqr„
1304 2578 1684 2666 praesertim
1751 2578 1822 2642 in
1882 2579 2169 2664 Fanen„
2238 2580 2321 2645 17
2374 2577 2551 2666 junii
2616 2575 2795 2644 1843
2817 2579 2861 2656 ⁴,

605 2693 675 2757 in
714 2717 849 2782 qua
897 2715 1204 2759 mensam
1240 2691 1550 2781 pluribus
1589 2691 1933 2781 lapidibus
1970 2699 2399 2758 constantem
2444 2691 2863 2780 reprobavit.

695 2808 793 2872 De
833 2830 968 2895 quo
1007 2807 1382 2872 notandum
1421 2813 1558 2886 est,
1603 2829 1739 2871 non
1780 2813 2049 2872 tantum
2088 2807 2551 2893 illegitimam,
2592 2812 2671 2870 ut
2710 2829 2869 2894 pro·

601 2920 835 2985 batum
889 2927 1026 3002 est,
1081 2921 1200 2986 sed
1249 2921 1456 2986 etiam
1505 2920 1697 2986 valde
1743 2921 2025 2986 dubiam
2079 2945 2227 2987 esse
2280 2920 2869 2988 consecrationem

600 3033 991 3119 hujusmodi
1038 3055 1464 3116 mensarum;
1518 3035 1681 3101 licet
1726 3035 1908 3100 enim
1947 3036 2016 3102 S.
2074 3036 2213 3102 Rit.
2270 3035 2555 3122 Congr.,
2608 3035 2677 3098 in
2727 3057 2865 3100 una

611 3147 989 3213 Vicariatus
1026 3157 1239 3233 apost.
1285 3149 1450 3235 Cap.
1495 3149 1697 3214 Bonae
1733 3151 1897 3236 spei,
1942 3149 2028 3216 20
2068 3150 2295 3215 martii
2336 3148 2535 3230 1869,
2579 3171 2865 3236 respon-

599 3262 774 3328 derit
816 3280 831 3328 :
894 3290 926 3324 «
972 3264 1211 3328 Altare
1269 3263 1634 3328 enormiter
1698 3263 2023 3346 {Ji-actum,
2090 3263 2212 3328 sed
2272 3269 2515 3352 postea
2577 3262 2866 3328 firmiter

595 3385 1104 3459 caementatum,
1181 3377 1405 3442 valide
1478 3377 1856 3443 consecrari
1927 3400 2129 3465 posse
2158 3383 2202 3459 ³,
2260 3402 2291 3441 »
2372 3384 2711 3456 attamen,
2791 3376 2863 3442 in

595 3490 865 3556 decreto
907 3492 990 3559 19
1031 3491 1191 3556 maii
1225 3489 1421 3572 1896,
1457 3491 1543 3555 ad
1581 3491 1711 3555 hoc
1747 3491 2110 3578 quaesitum
2142 3508 2157 3557 :
2202 3517 2233 3552 «
2272 3491 2386 3556 An
2426 3491 2675 3570 altare,
2714 3490 2861 3554 sive

593 3603 836 3684 fixum,
907 3604 1052 3670 sive
1116 3605 1472 3694 portatile,
1534 3606 1905 3670 enormiter
1968 3609 2309 3690 fractum,
2382 3606 2500 3670 sed
2560 3604 2863 3690 firmiter

591 3725 1087 3802 caementatum,
1122 3728 1241 3784 aut
1276 3742 1360 3784 ex
1387 3718 1715 3806 pluribus
1747 3718 2088 3804 lapidibus
2125 3723 2589 3804 efformatum,
2624 3717 2853 3783 valide

591 3852 668 3896 ac
726 3829 910 3896 licite
965 3834 1338 3898 consecrari
1399 3832 1651 3920 possit,
1694 3859 1726 3892 »
1784 3832 2188 3920 respondit:
2250 3859 2282 3894 «
2320 3833 2681 3918 Neqative,
2748 3855 2844 3898 sc.

653 3995 671 4028 ¹
708 3993 1046 4043 collectanea
1079 3995 1277 4058 Conqr.
1309 3994 1470 4058 Prop.
1501 3993 1641 4052 Fid„
1674 3995 1887 4054 Romoe,
1920 3999 2069 4054 1898,
2102 4010 2155 4043 n.
2190 3999 2307 4054 826,
2342 4011 2396 4059 p.
2424 4000 2539 4046 306.

649 4072 672 4107 ²
703 4073 933 4122 Decreta
961 4073 1132 4130 auth„
1165 4089 1217 4121 n.
1249 4075 1398 4130 3674,
1432 4076 1470 4121 t.
1503 4088 1585 4131 111,
1619 4087 1673 4135 p.
1706 4077 1819 4121 187.

649 4151 672 4184 ⁸
707 4151 775 4201 V.
807 4166 879 4214 8.,
909 4151 1227 4212 801ιιιια1ιις.,
1257 4151 1312 4198 in
1342 4151 1427 4200 tit.
1453 4151 1531 4199 De
1559 4151 1968 4202 consecratione
1998 4153 2153 4210 eccl„
2187 4168 2239 4201 n.
2272 4157 2350 4202 33.

649 4230 671 4262 ⁴
703 4227 933 4278 Decreta
961 4227 1297 4286 authentica,
1330 4244 1382 4277 n.
1416 4233 1572 4289 2862,
1602 4232 1645 4280 t.
1676 4245 1739 4290 ιι,
1776 4245 1829 4293 p.
1862 4234 1974 4279 ³14.

651 4307 673 4341 ⁵
706 4305 1030 4366 Gardellini‚
1056 4305 1374 4369 Αρροηάἰω,
1405 4321 1460 4356 n.
1492 4310 1636 4358 5437.
