3192 5025
430 461 519 510 DE
558 458 973 510 POLLUTIONE
1011 457 1475 512 ECCLESIARUM
1515 461 1597 510 ET
1636 459 1868 512 EARUM
1907 458 2504 512 REGONCILIATIONE
2577 458 2644 509 73

479 605 619 672 33.
651 641 740 652 -
778 600 1080 672 Effusio
1119 603 1449 672 seminis
1487 603 1848 671 humani.
1877 641 1964 652 —-
1998 603 2268 688 Effusio
2305 625 2644 690 quaecum-

382 741 517 805 que
552 717 828 782 seminis
868 716 1183 800 humani,
1236 716 1653 801 voluntaria,
1694 722 1879 803 sacta
1930 719 2000 783 in
2044 716 2345 800 ecclesia,
2390 716 2644 803 polluit

382 855 556 897 eam.
586 871 671 882 —
701 829 988 896 Constat
1028 830 1141 895 cit.
1168 853 1315 918 cap.
1342 829 1418 894 Si
1446 831 1739 914 ecclesia,
1769 839 1838 896 et
1875 855 2022 918 cap.
2060 831 2137 896 Si
2173 830 2538 913 ecclesiam,
2575 830 2638 913 1,

383 945 537 1010 eod.
584 944 693 1009 tit.
737 943 807 1008 in
847 944 940 1009 Vl
967 947 1009 1010 ¹.

478 1057 637 1122 Dixi
672 1067 711 1124 ε’
736 1061 798 1122 1.
846 1057 1105 1122 Effusio
1143 1059 1529 1123 voluntaria
1550 1077 1579 1140 ,⁶
1617 1081 1774 1124 nam
1805 1059 1862 1122 si
1901 1058 2079 1147 quiS,
2113 1057 2224 1122 vel
2262 1057 2331 1121 in
2372 1079 2636 1138 somn0,

382 1173 497 1238 vel
542 1173 833 1252 invituS,
885 1171 1182 1259 patiatur
1224 1171 1708 1258 pollutionem,
1753 1172 1896 1237 haec
1951 1195 2089 1238 non
2137 1170 2385 1260 polluit
2431 1171 2642 1236 eccle-

382 1287 591 1364 siam;
635 1286 765 1349 hoc
801 1286 985 1350 enim
1021 1285 1265 1349 effectu
1296 1292 1459 1351 tunc
1498 1309 1682 1352 mere
1720 1285 2190 1373 physiologico
2229 1307 2366 1349 non
2407 1305 2643 1348 cense-

381 1407 497 1464 tur
551 1398 806 1464 violata
866 1399 1169 1464 ecclesiae
1235 1400 1585 1466 sanctitas,
1649 1399 1736 1466 Et
1801 1399 1928 1464 hoc
1985 1421 2224 1464 verum
2283 1404 2420 1479 est,
2480 1397 2643 1463 licet

380 1513 705 1601 pollutio,
753 1514 822 1577 ἰη
856 1535 981 1578 aua
1012 1535 1235 1596 causa,
1279 1536 1416 1578 non
1456 1521 1682 1579 careat
1717 1521 1994 1602 peccato
2033 1513 2226 1600 gravi
2247 1513 2292 1577 ¹.

470 1626 539 1692 2.
584 1626 843 1692 Effusio
881 1649 1357 1714 quaecumque,
1403 1628 1610 1694 etiam
1650 1651 1733 1694 ex
1773 1628 2016 1715 copula
2067 1626 2438 1716 conjugali3
2483 1647 2641 1692 nam

380 1747 613 1805 textus
666 1741 781 1806 cit.
827 1741 1070 1827 capitis
1118 1763 1256 1806 non
1308 1741 1719 1829 distinguit:
1763 1742 1838 1808 Si
1875 1741 2191 1824 ecclesia,
2240 1741 2368 1821 ait,
2412 1741 2642 1826 cujus-

380 1875 677 1940 cumque
732 1853 1025 1936 semine,
1101 1862 1171 1921 et
1226 1855 1509 1943 proinde
1576 1855 1780 1921 etiam
1837 1857 2240 1942 conjuqum.
2302 1852 2642 1918 Caeterum

378 1965 523 2031 haec
577 1967 855 2055 copula,
912 1967 1075 2032 licet
1124 1968 1194 2032 in
1247 1991 1320 2033 se
1373 1968 1589 2050 licita,
1647 1969 1908 2034 ratione
1960 1976 2190 2034 tamen
2241 1968 2376 2033 loci
2428 1966 2634 2046 sacri,

370 2078 527 2166 jure
588 2080 887 2145 naturali
942 2081 1241 2166 graviter
1290 2082 1526 2147 illicita
1592 2091 1698 2147 est
1715 2083 1760 2148 ³.
1813 2122 1902 2132 —
1961 2082 2312 2171 Excipitur
2371 2086 2641 2146 tantum

378 2215 611 2274 casm,
656 2216 792 2281 quo
832 2195 1159 2281 conjuges
1199 2195 1354 2259 huic
1392 2196 1491 2260 rei
1536 2203 1890 2278 vacarent,
1935 2195 2020 2260 ob
2059 2196 2358 2285 aliquam
2403 2217 2640 2260 neces-

377 2307 692 2390 sitatem,
763 2332 833 2373 v.
898 2333 995 2396 g.‚
1072 2309 1159 2374 ad
1228 2309 1584 2374 vitandum
1650 2311 2027 2398 periculum
2095 2309 2634 2390 incontinentiae,

378 2421 566 2508 quod
632 2421 777 2487 fieri
850 2429 1085 2511 posset
1150 2429 1452 2511 tempore
1529 2423 1866 2490 bellorum
1929 2448 2062 2514 quo
2129 2423 2328 2490 multi
2393 2431 2461 2488 et
2522 2422 2639 2488 diu

378 2558 655 2601 manere
704 2544 1043 2623 coguntur
1088 2536 1159 2601 in
1207 2538 1542 2618 ecclesiis;
1599 2539 1775 2605 sicut
1821 2539 2002 2604 enim
2049 2540 2296 2605 occisio
2344 2537 2638 2601 hominis

377 2671 517 2713 non
570 2649 818 2738 polluit
856 2650 1245 2728 ecclesiam,
1294 2652 1564 2739 quando
1610 2654 1762 2741 quis
1815 2653 2060 2718 occidit
2107 2652 2192 2717 ad
2231 2650 2637 2719 servandam

374 2763 725 2851 propriam
762 2764 975 2828 vitam
1013 2766 1394 2831 naturalem
1418 2819 1433 2848 ,
1478 2766 1574 2831 sic
1614 2766 1890 2853 praefata
1939 2766 2180 2854 copula
2220 2788 2354 2831 non
2393 2764 2639 2853 polluit

378 2876 771 2959 ecclesiam,
830 2878 1100 2965 quando
1153 2880 1307 2966 quis
1358 2879 1514 2944 huic
1567 2887 1767 2945 vacat
1819 2881 1903 2945 ad
1961 2880 2366 2945 servandam
2424 2880 2634 2944 vitam

375 2991 997 3078 supernaturalem,
1062 2991 1175 3057 vel
1236 2992 1322 3057 ob
1376 2993 1579 3058 aliam
1638 3017 1917 3080 gravem
1972 2996 2472 3060 necessitatem.
2533 2992 2635 3060 Ita

378 3105 833 3170 communiter
870 3106 1217 3187 doctoreS,
1261 3128 1345 3170 ex
1376 3106 1669 3195 quadam
1710 3106 1972 3194 epikeia
1993 3109 2038 3172 ⁴.

1919 3212 1942 3237 .

474 3314 608 3382 34.
678 3354 769 3365 -
844 3315 1272 3403 Sepultura
1353 3318 2020 3386 excommunicati
2092 3318 2438 3399 vitandi,
2505 3318 2637 3386 vel

378 3426 761 3497 infidelis.

472 3540 539 3605 1⁰
596 3541 970 3628 Sepultura
1022 3544 1586 3609 excommunicati
1638 3545 1928 3631 vitandi,
1971 3550 2158 3631 sacta
2221 3547 2290 3611 in
2328 3545 2629 3629 ecclesia,

368 3655 631 3739 polluit
665 3678 837 3722 eam.

472 3769 762 3835 Constat
799 3777 1136 3836 assertum
1184 3794 1333 3862 cap.
1380 3774 1833 3858 Consuluisti,
1879 3777 1942 3856 7,
1988 3775 2090 3840 DE
2127 3794 2634 3841 consnciunoxss

443 3944 462 3978 ¹
498 3944 580 3993 Cf.
612 3946 775 3994 etiam
806 3959 925 4009 cap.
956 3945 1320 4011 Significatu,
1355 3953 1399 4008 5,
1431 3949 1515 3997 Dn
1540 3964 1866 3998 anunm-nnus.

441 4023 466 4057 ¹
496 4020 582 4072 Ita
612 4023 790 4083 Rem„
823 4039 947 4073 cum
976 4027 1251 4074 communi
1282 4027 1564 4089 opinione,
1599 4028 1699 4077 loc.
1735 4027 1848 4085 cit„
1881 4043 1932 4076 n.
1967 4032 2042 4077 20.

442 4101 465 4137 ²
498 4100 763 4159 Sancbez,
792 4102 871 4151 De
896 4102 1274 4162 matrimonio,
1304 4104 1399 4152 lib.
1434 4104 1533 4164 lx,
1566 4106 1707 4169 disp.
1730 4106 1850 4166 XV,
1882 4122 1935 4155 n.
1963 4110 2010 4155 8.

440 4180 466 4214 ⁴
502 4179 679 4238 Rem„
713 4180 813 4228 loc.
846 4179 969 4239 cit.;
989 4208 1051 4217 —
1072 4180 1293 4242 Suus-ez,
1324 4183 1423 4233 loc.
1452 4182 1563 4241 cil„
1597 4188 1622 4243 ἓ
1655 4184 1835 4233 Tertio
1859 4183 2128 4244 violatum·
2150 4212 2208 4223 ·-
2239 4184 2501 4247 Sanchez,
2531 4186 2631 4235 loc.

376 4256 493 4316 cit„
526 4272 577 4305 n.
610 4262 689 4305 12.
