3192 5025
573 526 676 580 150
1459 530 1549 580 DE
1585 530 1942 581 onA'romlS

665 675 734 736 1⁰
761 671 875 736 Ex
901 675 1035 756 fine
1064 675 1328 740 concilii
1354 681 1420 738 et
1447 675 1699 739 decreti
1726 675 1930 740 Pauli
1970 674 2048 740 V.
2072 713 2163 725 —
2192 675 2377 740 Finis
2406 673 2589 739 enim
2620 697 2833 762 quem

571 785 702 851 sibi
739 789 1093 876 proposuit
1140 811 1332 854 conc.
1375 789 1557 854 Trid.
1604 788 1675 852 in
1718 788 2001 876 praefato
2047 789 2321 854 decreto
2368 788 2495 853 fuit
2530 810 2833 876 praeser-

574 902 698 965 tim
770 903 1130 987 auferendi
1191 904 1580 988 periculum
1667 905 2113 968 irreverenter
2186 904 2524 968 tractandi
2597 903 2833 967 divina

573 1017 929 1100 mysteria,
1007 1022 1085 1081 ut
1149 1023 1336 1105 patet
1404 1022 1548 1080 toto
1615 1017 1923 1096 decreto;
1995 1023 2096 1097 et,
2168 1040 2252 1082 ex
2318 1018 2531 1082 altera
2592 1023 2827 1103 parte,

573 1128 828 1194 Paulus
874 1129 934 1192 V
986 1130 1142 1194 illos
1193 1131 1570 1218 praesertim
1623 1131 2113 1218 reprehendere
2164 1131 2383 1197 voluit
2430 1131 2826 1219 episcopoS,

570 1242 710 1330 qui,
742 1249 820 1307 ut
857 1244 1002 1331 ipse
1040 1245 1159 1325 ait,
1194 1245 1453 1332 passim
1491 1251 1557 1308 et
1589 1246 1733 1309 sine
1774 1245 1914 1310 ullo
1952 1245 2235 1329 delectu,
2270 1244 2423 1310 illas
2462 1243 2832 1310 facultates

568 1356 1062 1440 concedebant,
1120 1365 1190 1423 et
1245 1359 1342 1422 sic
1384 1359 1813 1446 pontificiam
1855 1366 2260 1446 potestatem
2320 1357 2451 1423 sibi
2509 1381 2831 1445 arrogare

565 1470 976 1537 videbantur
996 1475 1042 1538 ¹.
1102 1473 1312 1537 Porro
1363 1473 1478 1537 isti
1529 1473 1701 1538 fines
1754 1472 2167 1538 sufficienter
2221 1473 2653 1558 attinguntur
2704 1495 2833 1560 per

565 1585 904 1651 mitiorem
942 1585 1198 1652 decreti
1225 1586 1605 1652 Tridentini
1644 1586 2299 1674 interpretationem.
2330 1625 2421 1635 —
2448 1584 2647 1664 Quod
2685 1585 2833 1651 late

565 1699 821 1766 evolvit
858 1700 1294 1766 doctissimus
1333 1700 1647 1767 Gatticus
1666 1705 1711 1766 ².

653 1814 722 1878 2⁰
745 1815 859 1878 Ex
889 1815 1031 1900 ipso
1064 1823 1291 1881 tenore
1319 1816 1568 1879 decreti
1610 1814 2011 1880 Tridentini.
2039 1851 2127 1864 —
2156 1814 2444 1894 Quando
2472 1814 2834 1902 legislator

565 1929 930 1994 canonicus
968 1929 1246 1993 omnino
1275 1929 1694 2018 supprimere
1725 1928 2017 1996 intendit
2046 1928 2345 2016 aliquam
2372 1935 2785 2018 potestatem
2804 1979 2827 2008 ‚

519 2041 526 2048 ’
565 2065 687 2108 seu
745 2041 972 2130 aliqua
1032 2042 1386 2132 privilegia
1403 2095 1419 2123 ,
1475 2041 1797 2108 adhibere
1858 2041 2035 2107 solet
2094 2041 2301 2108 verba
2361 2042 2786 2131 expressiora
2804 2093 2827 2124 ‚

564 2155 850 2222 clariora
897 2162 966 2221 et
1004 2157 1376 2240 severiora,
1421 2157 1515 2222 ita
1562 2163 1641 2222 ut
1689 2156 1955 2222 nullum
2004 2156 2301 2244 supersit
2338 2155 2653 2238 dubium,
2696 2179 2831 2222 neo

563 2269 747 2336 ullus
787 2271 1009 2358 excipi
1044 2271 1261 2359 possit
1298 2294 1496 2336 casus
1530 2290 1546 2338 ε
1592 2271 1773 2358 quod
1814 2271 2199 2337 confirmari
2236 2277 2471 2359 posset
2507 2270 2831 2360 plurimis

565 2385 921 2473 exemplis,
969 2387 1180 2450 Porro
1219 2385 1328 2451 hic
1366 2409 1401 2450 e
1441 2392 1679 2451 contra
1718 2385 2081 2449 concilium
2118 2384 2591 2450 Tridentinum
2628 2383 2831 2449 adhi-

565 2499 714 2567 buit
753 2499 1114 2567 sormulam
1153 2499 1586 2565 mitissimam
1620 2520 1635 2567 :
1680 2499 1862 2564 Neve
1891 2499 2255 2585 patiantur
2290 2500 2611 2585 episcopi,
2655 2505 2825 2580 etc.,

567 2615 702 2680 imo
743 2615 1230 2682 subobscuram
1249 2668 1265 2697 ,
1309 2616 1402 2680 ita
1439 2621 1517 2681 ut
1563 2615 1795 2701 plures
1834 2620 2144 2679 auctores
2182 2636 2333 2679 eam
2369 2614 2567 2680 aliter
2612 2614 2835 2681 inter-

565 2730 812 2817 pretati
860 2730 1142 2811 suerint,
1189 2752 1313 2795 nec
1360 2730 1504 2819 ipse
1545 2727 1616 2794 S.
1661 2727 1979 2808 CaroluS,
2023 2735 2100 2794 ut
2144 2734 2335 2816 patet
2380 2728 2496 2796 cit.
2539 2728 2832 2793 concilio

567 2845 967 2931 provinciali
1015 2843 1510 2911 Mediolanensi
1559 2842 1622 2923 Ι,
1676 2866 1827 2907 eam
1875 2842 2109 2908 statim
2154 2841 2587 2909 intellexerit.
2644 2842 2831 2930 Ergo

570 2958 844 3045 signum
883 2966 984 3023 est
1025 2957 1387 3023 concilium
1425 2956 1897 3022 Tridentinum
1944 2955 2245 3021 noluisse
2292 2956 2555 3022 auferre
2596 2955 2835 3022 totali-

569 3077 675 3136 ter
709 3077 1119 3159 potestatem
1159 3071 1615 3160 episcopalem
1653 3070 1737 3134 de
1777 3094 1911 3158 qua
1950 3070 2239 3155 agimus,

663 3187 736 3252 30
765 3187 877 3250 Ex
917 3187 1261 3251 communi
1298 3187 1657 3251 doctorum
1697 3185 2273 3269 interpretatione.
2308 3222 2397 3234 —
2428 3186 2581 3252 Duo
2620 3185 2833 3251 allata

573 3308 974 3388 argumenta
1037 3307 1180 3367 tam
1242 3299 1468 3365 valida
1528 3306 1722 3378 sunt,
1782 3304 1860 3363 ιιι
1926 3298 2262 3364 moverint
2331 3300 2617 3381 multOS,
2688 3301 2833 3367 imo

572 3416 902 3506 plurimos
978 3417 1321 3494 doctoreS,
1393 3413 1479 3479 ad
1545 3412 1920 3477 docendam
1984 3413 2549 3500 propositionem,
2620 3438 2834 3504 quam

571 3532 857 3621 probare
910 3506 1351 3597 intendimus,
1412 3528 1620 3594 Juxta
1676 3526 1800 3590 hos
1857 3526 2202 3608 doctores,
2268 3528 2603 3617 episcopi,
2666 3538 2833 3597 ante

575 3646 936 3712 concilium
975 3644 1481 3723 Tridentinum,
1517 3648 1850 3726 potestate
1898 3640 2249 3706 ordinaria
2296 3649 2360 3705 et
2406 3643 2831 3727 amplissima

575 3760 974 3827 fruebantur
1049 3756 1489 3847 permittendi
1559 3753 2087 3819 celebrationem
2156 3754 2381 3819 missae
2451 3756 2523 3820 in
2606 3764 2833 3823 orato-

575 3876 693 3940 riis
738 3874 1022 3964 privatis
1063 3872 1282 3963 (quod
1327 3870 1761 3935 verissimum
1808 3874 1944 3948 est,
2002 3891 2070 3933 n.
2118 3868 2295 3955 ’79);
2348 3870 2529 3935 unde
2585 3894 2835 3938 conce—

576 3992 732 4057 dere
770 3996 1087 4079 poterant
1123 3988 1298 4052 hanc
1345 3984 1691 4050 licentiam
1728 4005 1860 4067 per
1907 3984 2185 4047 modum
2225 3982 2533 4067 habitus,
2578 3985 2646 4049 id
2684 3993 2829 4069 est,

575 4106 644 4171 in
683 4112 1109 4194 perpetuum,
1144 4108 1262 4167 aut
1299 4099 1385 4164 ad
1414 4096 1888 4186 longissimum
1926 4103 2222 4184 tempus,
2256 4104 2325 4162 et
2353 4097 2502 4180 hoc,
2538 4101 2836 4166 arbitrio

637 4276 654 4309 ¹
694 4276 894 4323 Videas
925 4276 1132 4323 textum
1158 4270 1302 4334 apud
1331 4267 1630 4327 Passerini,
1666 4266 1765 4315 loc.
1798 4264 1888 4315 cit.

637 4354 659 4389 ²
693 4354 750 4403 C.
785 4368 871 4413 xv,
899 4368 951 4401 n.
984 4354 1110 4400 1-5.
