3192 5025
1189 516 1277 566 DE
1313 515 1481 566 JURE
1518 515 1710 568 ASYLI
2477 513 2582 566 107

316 661 480 726 latis
518 659 826 725 Nullius,
862 657 937 724 In
977 681 1140 724 casu
1170 681 1305 746 quo
1343 666 1585 747 agatur
1621 659 1708 725 de
1744 659 1893 724 loco
1929 659 2214 724 Nullius
2251 658 2576 744 dioecesis,

318 774 681 862 episcopus
719 771 933 860 judex
982 779 1089 838 est
1136 772 1497 861 episcopus
1536 775 1840 840 vicinior.
1891 811 1982 821 —
2029 772 2128 838 Ita
2180 773 2456 838 omnino
2496 797 2580 840 ex

313 887 509 952 hulla
565 887 874 974 Gregorii
912 886 1095 968 XIV,
1138 891 1169 970 ξ
1210 888 1283 968 4,
1327 909 1528 975 quam
1570 887 1696 952 hac
1743 888 1812 951 in
1860 911 1931 952 re
1975 888 2182 953 etiam
2221 887 2580 952 confirma-

313 1002 419 1066 vit
483 1001 893 1066 Benedictus
944 1000 1126 1082 XIV,
1184 1007 1403 1066 const.
1472 1001 1585 1066 cit.
1660 1003 1889 1087 Officii
1948 1003 2193 1086 nostri,
2251 1005 2283 1085 5
2328 1001 2433 1066 12.
2490 1039 2582 1050 -

312 1116 547 1196 Unde,
584 1139 667 1180 ex
697 1113 1239 1202 jurisprudentia
1277 1114 1350 1184 S.
1397 1113 1614 1202 Cong.
1661 1114 2122 1180 Immunitatis
2145 1118 2191 1196 ¹,
2235 1138 2360 1180 nec
2408 1115 2580 1180 vica-

314 1231 467 1295 rius
502 1229 904 1314 capitularis
952 1235 1057 1294 est
1095 1229 1311 1316 judex
1362 1235 1792 1317 competens,
1847 1228 1969 1293 sed
2018 1229 2377 1318 episcopus
2425 1230 2579 1294 vici-

314 1344 493 1408 nior.
550 1381 639 1392 —-
686 1339 1065 1431 Episcopus
1110 1341 1397 1407 vicinior
1443 1350 1547 1408 est
1584 1342 1734 1424 ille,
1779 1343 1974 1429 cujus
2022 1342 2308 1408 ecclesia
2345 1342 2577 1409 cathe-

310 1456 525 1521 dralis
573 1462 680 1522 est
726 1457 1099 1545 proximior
1146 1455 1449 1522 ecclesiae
1496 1455 1868 1522 cathedrali
1906 1456 2054 1545 (vel
2102 1457 2298 1544 quasi
2345 1455 2576 1522 cathe-

308 1569 529 1658 drali)
579 1569 859 1634 alterius
916 1570 1229 1635 dioecesis
1288 1575 1406 1635 aut
1452 1570 1776 1636 territorii
1838 1569 2166 1657 separati,
2228 1593 2312 1636 ex
2379 1549 2606 1635 conc..

308 1684 529 1764 Trid.,
574 1706 722 1770 cap.
770 1683 929 1759 Quae
968 1685 1169 1769 aliae,
1214 1684 1279 1765 9,
1324 1707 1495 1750 sess.
1530 1682 1777 1767 XXIV,
1824 1684 1926 1749 Dr:
1957 1704 2470 1750 REFORMATIONE.

405 1799 475 1864 3⁰
514 1799 700 1863 Ante
734 1797 1105 1886 judicium,
1146 1821 1305 1864 reus
1347 1798 1550 1864 debet
1596 1797 1862 1865 extrahi
1908 1821 1944 1862 e
1991 1799 2143 1863 loco
2182 1799 2469 1863 immuni
2505 1804 2578 1863 et

306 1913 473 1978 duci
499 1913 571 1976 in
610 1935 949 1978 carcerem
974 1913 1533 1979 ecclesiasticum.
1569 1913 1724 1978 Non
1751 1919 1980 2000 potest
2009 1918 2236 1978 autem
2275 1911 2568 1993 extrahi,

306 2027 448 2090 nisi
486 2027 711 2092 adsint
749 2027 1118 2114 perpetrati
1158 2027 1461 2092 criminis
1501 2026 1775 2111 indicia,
1813 2033 1892 2091 ut
1928 2026 2199 2108 dicitur,
2224 2027 2574 2112 sufficien-

308 2141 411 2205 tia
438 2143 529 2205 ad
566 2148 948 2227 capturam.
986 2141 1154 2206 Haec
1187 2141 1437 2206 indicia
1476 2140 1738 2228 colligit
1767 2141 2154 2229 episcopuS,
2189 2141 2301 2204 vel
2339 2140 2574 2228 colligi

294 2253 505 2342 jubet
567 2277 688 2342 per
747 2255 931 2320 viros
987 2255 1482 2320 ecclesiasticos
1542 2255 1630 2320 ad
1694 2254 1764 2320 id
1816 2254 2265 2342 deputandos.
2325 2255 2572 2320 Postea

294 2368 571 2455 judicat
608 2368 969 2456 episcopus
1006 2391 1172 2434 num
1209 2392 1369 2434 vere
1416 2391 1573 2434 reus
1627 2369 1886 2433 crimen
1933 2374 2297 2456 exceptum
2348 2373 2570 2457 patra-

300 2483 512 2549 verit.
554 2520 642 2533 —
681 2481 784 2548 Ita
821 2505 905 2548 ex
944 2482 1161 2549 tribus
1198 2481 1314 2549 cit.
1359 2481 1589 2565 bullis,
1635 2504 1882 2571 nempe
1920 2481 2265 2569 Gregorii,
2307 2485 2340 2567 ξ
2379 2481 2455 2566 4,
2499 2484 2564 2567 5,

304 2596 667 2663 Benedicti
704 2595 901 2677 XIII,
944 2601 977 2681 ἕ
1017 2598 1081 2679 6,
1122 2604 1190 2663 et
1228 2596 1581 2663 Benedicti
1621 2596 1805 2679 XIV,
1849 2600 1882 2681 5
1923 2596 2029 2662 12.

403 2710 472 2773 4⁰
510 2711 835 2793 Demum,
880 2710 937 2775 si
984 2733 1142 2775 vere
1194 2709 1386 2775 locus
1434 2719 1539 2777 est
1601 2711 1869 2777 crimini
1916 2717 2236 2799 excepto,
2289 2709 2571 2775 mandat

304 2824 705 2911 episcopuS,
767 2824 879 2889 vel
925 2826 1073 2913 ejus
1112 2825 1404 2891 vicarius
1457 2824 1831 2912 generaliS,
1880 2824 2058 2890 tradi
2117 2846 2308 2890 reum
2365 2823 2568 2888 curiae

304 2936 641 3003 saeculari.
685 2938 848 3004 Sine
886 2945 1113 3003 autem
1140 2938 1269 3003 hoc
1309 2939 1677 3027 episcopali
1715 2938 2060 3020 mandato,
2104 2960 2242 3003 non
2277 2942 2568 3026 possunt

302 3050 605 3116 ministri
644 3052 845 3116 curiae
892 3051 1234 3117 saecularis
1274 3052 1626 3119 extrahere
1671 3074 1896 3135 reum,
1938 3053 2144 3117 etiam
2191 3052 2262 3117 ἰη
2303 3052 2568 3117 casibus

302 3166 493 3229 clare
550 3166 842 3250 exceptis
861 3184 889 3247 ,·
958 3166 1236 3231 omnino
1312 3168 1494 3232 enim
1560 3166 1968 3253 generaliter
2025 3166 2155 3231 hoc
2223 3164 2567 3254 prohibuit

306 3278 721 3344 Benedictus
758 3276 954 3359 XIII,
999 3278 1116 3344 cit.
1160 3286 1379 3345 const.
1434 3280 1547 3344 Ex
1584 3302 1722 3365 quo
1771 3280 2022 3363 divina,
2066 3282 2098 3363 ἓ
2138 3280 2245 3345 7².

542 3554 581 3627 g
618 3556 688 3612 5.
730 3556 839 3613 De
877 3556 1225 3627 personis
1264 3570 1429 3629 quae
1466 3556 1636 3628 jure
1675 3556 1866 3627 asyli
1905 3557 2269 3614 trauntur
2295 3556 2340 3613 ³.

400 3760 535 3828 54.
564 3796 655 3808 -
683 3759 1058 3828 Personae
1086 3780 1265 3848 quae
1294 3760 1676 3828 fruuntur
1697 3760 1880 3848 jure
1909 3759 2141 3847 asyli.
2169 3799 2254 3812 —
2283 3759 2558 3847 Agitur,

370 3938 389 3971 ¹
426 3938 591 4001 Apud
622 3938 955 3999 Pennacchi‚
990 3939 1088 3989 loc.
1121 3938 1232 3998 cit„
1264 3953 1319 4002 p.
1346 3942 1457 3989 694.

364 4011 389 4046 ²
426 4016 703 4080 Quidquid
720 4017 855 4067 dicit
875 4016 927 4066 S.
960 4017 1303 4080 AlphonsuS,
1324 4017 1404 4066 De
1423 4017 1767 4083 privilegiis,
1791 4034 1843 4067 n.
1877 4023 1963 4079 26;
1989 4018 2412 4068 consuetudines
2431 4032 2562 4066 con-

304 4096 529 4153 trarias,
560 4096 628 4143 de
657 4095 857 4158 quibus
896 4094 951 4144 S.
992 4095 1178 4159 Alph„
1212 4096 1437 4145 sustulit
1476 4096 1803 4145 Benedictus
1841 4096 1987 4157 XIV,
2020 4098 2183 4145 etiam
2212 4097 2558 4145 immemora-

301 4172 473 4231 biles,
504 4173 602 4222 cit.
633 4176 811 4223 const.
848 4172 1026 4239 Officii
1054 4172 1256 4232 nostri,
1288 4178 1314 4233 5
1344 4178 1421 4222 17.

369 4250 393 4286 ⁸
426 4250 506 4299 Cf.
548 4250 728 4311 Rem„
771 4252 871 4301 loc.
907 4252 1019 4311 cit„
1060 4267 1114 4301 n.
1150 4256 1341 4313 54-81;
1373 4279 1435 4289 —
1466 4251 1784 4317 Schmalzg.‚
1827 4254 1926 4303 loc.
1965 4252 2079 4312 cit„
2115 4268 2167 4302 n.
2209 4256 2468 4315 154-1853
2498 4280 2561 4292 —

303 4328 639 4389 Pennnoeffi,
674 4329 773 4379 loc.
800 4330 911 4389 cit„
939 4344 992 4393 p.
1025 4333 1274 4381 674-678.
