3192 5025
1149 524 1236 575 DE
1273 523 1516 574 ALTARI
1557 523 1710 574 leo
2452 523 2549 576 211

298 667 506 730 miter
539 669 766 751 fracta
801 669 1042 752 suerit.
1079 706 1166 717 —
1195 668 1481 734 Constat
1519 666 1919 748 clarissime,
1955 674 2102 732 tum
2132 667 2299 756 ipsis
2330 669 2557 734 verbis

297 778 416 844 cit.
463 801 611 867 cap.
660 778 856 855 Quod
893 781 963 847 in
999 781 1251 864 dubiis,
1295 787 1443 846 tum
1482 804 1630 869 cap.
1676 781 1975 866 Liqneia,
2010 781 2075 862 6,
2121 781 2270 848 eod.
2306 782 2442 862 tit„
2486 783 2557 847 in

296 914 436 980 quo
477 915 690 981 quum
716 916 953 960 mensa
990 893 1225 962 altaris
1262 894 1331 959 in
1363 917 1486 958 aua
1525 895 1952 958 extremitate
1993 895 2325 959 modicam
2354 918 2558 982 passa

292 1007 544 1091 suisset
571 1011 986 1091 fracturam,
1024 1006 1468 1076 diciturillud
1497 1006 1711 1074 altare
1742 1030 1879 1072 non
1911 1016 2363 1090 exsecratum,
2400 1010 2557 1097 quia

295 1119 450 1207 ejus
490 1143 727 1186 mensa
763 1123 1134 1187 enormiter
1173 1123 1324 1186 laeaa
1364 1144 1501 1188 non
1541 1121 1765 1188 fuerit.

392 1234 844 1316 Quandonam
883 1245 1113 1302 autem
1151 1234 1450 1302 fractura
1491 1236 1580 1302 sit
1618 1237 1947 1319 enormia,
1989 1236 2060 1300 in
2102 1259 2307 1302 sensu
2344 1236 2560 1302 dicto-

295 1372 452 1414 rum
493 1349 826 1437 capitum,
870 1373 1008 1414 non
1055 1349 1250 1416 facile
1299 1356 1404 1415 est
1453 1349 1869 1430 discernere;
1918 1348 2002 1415 de
2040 1373 2175 1439 quo
2224 1357 2385 1416 sunt
2424 1356 2561 1416 tres

296 1463 658 1529 doctorum
697 1464 1082 1552 opinioneS,
1127 1487 1297 1552 quas
1336 1464 1616 1552 exponit
1656 1462 1957 1529 Giraldi¹
1990 1483 2005 1530 :

395 1577 459 1645 1.
513 1576 652 1642 Alii
708 1578 942 1644 dicunt
999 1577 1364 1643 fracturam
1421 1600 1570 1643 esse
1628 1599 2007 1658 enormem,
2060 1578 2118 1642 si
2167 1577 2379 1644 fracta
2426 1579 2564 1643 sint

295 1690 555 1758 tabulae
616 1715 906 1772 cornua,
972 1713 1098 1756 seu
1164 1691 1434 1780 anguli,
1492 1692 1562 1755 in
1635 1690 1883 1779 quibus
1946 1691 2304 1757 unctiones
2370 1690 2564 1758 factae

297 1813 489 1872 sunt.
535 1804 796 1885 Quibus
837 1804 1019 1870 favet
1055 1803 1463 1888 Gardellini,
1509 1804 1741 1870 dicens
1780 1828 1927 1870 esse
1966 1804 2328 1871 fracturam
2366 1828 2564 1872 enor-

295 1941 516 1999 mem,
561 1941 698 1984 non
754 1918 824 1983 in
883 1942 990 2000 se,
1042 1920 1162 1984 sed
1221 1920 1613 2006 respective,
1672 1919 1730 1983 si
1781 1941 1902 2008 per
1953 1919 2318 1985 fracturam
2374 1943 2565 2010 sepa-

295 2038 490 2097 retur
545 2056 584 2098 a
625 2031 856 2098 tabula
911 2031 1204 2120 angulus
1260 2032 1332 2096 in
1389 2055 1522 2120 quo
1578 2031 1757 2097 facta
1808 2032 2009 2097 fuerit
2060 2033 2369 2114 unctio¹;
2413 2057 2563 2122 quae

293 2145 530 2234 opinio
591 2145 860 2211 transiit
940 2145 1012 2210 in
1089 2146 1206 2212 eit.
1297 2147 1809 2210 instructionem
1895 2145 1964 2211 S.
2056 2147 2195 2212 Rit.
2277 2148 2559 2235 Congr.,

295 2260 338 2326 6
390 2265 524 2324 oet.
583 2259 777 2326 1837.

389 2372 454 2436 2.
513 2370 654 2436 Alii
711 2371 946 2437 dicunt
1001 2372 1368 2438 fracturam
1423 2378 1589 2437 tunc
1647 2379 1915 2438 tantum
1972 2395 2120 2438 esse
2173 2397 2554 2454 enormem,

293 2485 575 2575 quando
629 2484 816 2551 nulla
867 2509 1024 2574 pars
1077 2492 1385 2553 remanet
1436 2491 1586 2575 qu'ae
1638 2487 1857 2575 possit
1912 2486 2265 2553 commode
2318 2511 2556 2577 capere

291 2600 595 2666 hostiam
649 2608 718 2666 et
773 2601 1098 2688 majorem
1149 2608 1414 2689 partem
1461 2600 1724 2683 caliciS,
1776 2602 1864 2667 ad
1910 2624 2221 2667 normam
2271 2602 2559 2667 ruhricae

288 2715 633 2799 Mis-salia,
676 2722 851 2803 part.
899 2714 962 2797 I,
1005 2716 1112 2780 tit.
1159 2735 1277 2780 xx.

389 2828 453 2895 3.
514 2827 656 2893 Alii
712 2828 988 2894 demum
1037 2828 1274 2893 dicunt
1329 2826 1701 2893 fracturam
1753 2835 1915 2891 tunc
1969 2850 2119 2893 esse
2175 2850 2555 2910 enormem,

287 2940 569 3031 quando
610 2940 840 3007 tabula
878 2942 975 3006 sic
1013 2941 1223 3006 fracta
1261 2947 1386 3022 est,
1432 2946 1508 3005 ut
1546 2962 1685 3004 non
1723 2940 1945 3027 possit
1983 2940 2275 3029 amplius
2313 2941 2559 3007 habere

287 3080 500 3122 usum
552 3054 806 3122 tabulae
866 3056 1026 3122 talis
1085 3054 1352 3136 altariS,
1414 3078 1482 3119 v.
1546 3077 1646 3141 g.,
1704 3054 1764 3118 si
1824 3054 2035 3119 scissa
2097 3062 2203 3120 est
2262 3057 2334 3120 in
2391 3055 2560 3123 duas

283 3177 527 3259 partes
565 3169 678 3235 vel
715 3170 919 3235 etiam
956 3170 1026 3233 in
1067 3175 1202 3234 tres
1240 3174 1360 3234 aut
1389 3174 1681 3256 quatuor
1708 3174 1936 3255 partes
1976 3168 2336 3235 notabiles,
2369 3170 2557 3235 Tune

283 3284 512 3364 enim,
567 3289 648 3349 ut
698 3289 880 3349 recte
931 3283 1028 3349 ait
1073 3281 1367 3363 Giraldi,
1425 3279 1661 3346 tabula
1712 3281 1941 3346 amisit
1992 3304 2194 3347 suum
2247 3306 2431 3365 esse,
2490 3291 2558 3349 et

279 3397 580 3488 proinde
624 3397 1202 3463 consecrationem
1249 3418 1399 3484 quae
1447 3417 1584 3459 non
1632 3394 2100 3478 unctionibuS,
2145 3396 2267 3461 sed
2306 3394 2557 3461 tabulae

279 3520 368 3579 ut
411 3512 510 3578 sic
558 3512 760 3578 affixa
806 3512 1048 3578 fuerat.
1093 3550 1183 3560 —
1222 3510 1310 3576 Et
1347 3510 1489 3573 haec
1536 3507 1953 3595 probabilior
1990 3509 2261 3575 videtur
2298 3510 2549 3599 opini0.

281 3628 442 3693 Nec
480 3625 751 3691 admitti
795 3632 1026 3713 potest
1063 3623 1359 3690 secunda
1405 3622 1670 3709 opini0,
1723 3621 1881 3711 quia
1937 3621 2232 3711 allegata
2281 3625 2557 3690 rubrica

278 3740 596 3806 Misaalia
651 3739 784 3805 alio
841 3762 1119 3827 prorsus
1175 3743 1460 3828 spectat.
1519 3737 1661 3801 Nee
1713 3734 1943 3802 obstat
1994 3742 2232 3802 contra
2284 3738 2557 3803 tertiam

280 3854 687 3943 opinionem
725 3853 928 3941 alleg.
975 3853 1329 3919 instructio
1369 3850 1442 3917 S.
1487 3850 1627 3917 Rit.
1673 3848 1957 3937 Congr.,
2002 3872 2114 3915 an.
2165 3850 2364 3931 1837,
2398 3852 2556 3940 quia

281 3969 358 4033 in
422 3967 608 4032 dicto
663 3966 812 4032 loco
860 3990 996 4032 non
1053 3967 1358 4055 loquitur
1413 3963 1482 4029 S.
1552 3964 1804 4051 Congr.
1872 3986 1991 4052 per
2045 3964 2323 4030 modum
2386 3965 2555 4031 defi-

349 4171 368 4205 ¹
413 4170 536 4220 Loc.
565 4168 676 4227 cit„
705 4168 1053 4229 §Dubitatur
1085 4169 1347 4225 ulterius,
1382 4183 1434 4230 p.
1463 4169 1713 4215 419-420.

345 4246 374 4280 ⁸
407 4242 740 4303 Gau-danim,
786 4244 927 4293 Nota
983 4244 1039 4292 in
1089 4244 1338 4307 Carpen„
1399 4246 1426 4289 3
1474 4240 1656 4289 martii
1710 4244 1857 4299 1821;
1908 4240 2136 4291 Decreta
2181 4240 2353 4298 auth„
2397 4244 2437 4290 t.
2479 4258 2553 4301 xv,

281 4340 336 4389 p.
373 4328 468 4372 ²01
479 4358 492 4370 .
