3192 5025
607 505 710 560 ¹64
1485 507 1572 557 DE
1610 504 1968 557 ORATORHS

601 651 945 716 adhaerent
993 649 1338 732 doctores;
1391 649 1572 738 prior
1620 656 1851 715 tamen
1899 670 2037 712 non
2098 654 2283 713 caret
2331 671 2453 713 sua
2490 646 2862 736 probahili-

603 771 766 832 tate.
799 803 888 814 —
925 765 1078 829 Non
1117 771 1348 830 tamen
1387 763 1699 852 quilibet·
1722 762 2206 849 consanguinei
2253 769 2372 828 aut
2422 761 2659 827 affines
2696 768 2860 827 sunt

601 878 1043 968 privilegiati,
1086 877 1208 943 sed
1254 884 1523 942 tantum
1571 878 1689 966 qui
1728 883 1889 943 sunt
1939 877 2021 940 de
2059 877 2609 942 Indultariorum
2643 878 2860 962 sami-

605 993 718 1079 lia,
762 1015 882 1058 seu
921 1015 1153 1058 eorum
1182 993 1683 1076 commensales,
1716 998 1793 1057 ut
1832 997 2021 1079 patet
2058 992 2174 1057 cit.
2208 989 2477 1056 verbis:
2525 1017 2557 1050 «
2706 989 2861 1054 affi-

601 1108 794 1173 nium
829 1129 1056 1172 secum
1088 1107 1449 1173 insimul...
1495 1105 1971 1172 habitantium.
2026 1131 2059 1166 »
2098 1103 2294 1171 Unde
2333 1127 2469 1170 non
2510 1103 2761 1170 sufficit
2800 1105 2861 1169 si

601 1221 912 1288 habitent
949 1220 1227 1309 quidem
1263 1221 1334 1285 in
1372 1219 1614 1286 eodem
1652 1242 1930 1308 corpore
1967 1217 2256 1300 aedificii,
2302 1219 2421 1284 sed
2458 1218 2529 1283 in
2568 1219 2859 1284 diversis

600 1335 924 1403 tabulatis
965 1333 1281 1422 (e'taqes).

689 1451 757 1515 h.
803 1449 1079 1515 Famuli
1117 1471 1254 1513 non
1293 1454 1455 1513 sunt
1484 1447 1905 1533 privileqiati
1946 1448 2215 1536 (nempe
2255 1447 2341 1512 ad
2376 1447 2503 1512 hoc
2538 1453 2617 1513 ut
2654 1448 2863 1513 satis-

602 1564 851 1629 faciant
892 1562 1302 1651 praecepto),
1345 1563 1478 1626 nisi
1520 1561 1827 1649 quande,
1862 1568 2167 1649 tempore
2206 1563 2455 1642 missae,
2500 1568 2660 1626 sunt
2703 1569 2861 1628 actu

601 1677 963 1742 necessarii
1001 1676 1300 1740 servitiis
1339 1675 1503 1741 suis,
1547 1713 1639 1724 —
1684 1674 1971 1740 Constat
2018 1674 2321 1740 clausula
2382 1675 2743 1759 Volumus,
2788 1675 2859 1740 in

600 1788 734 1855 tine
779 1789 1060 1871 indulti,
1115 1789 1182 1853 in
1232 1812 1364 1877 qua
1402 1788 1703 1877 legitur:
1758 1815 1789 1848 «
1845 1788 2266 1853 VolumuS...
2316 1795 2529 1876 utque
2566 1787 2859 1853 familia—

602 1925 734 1984 reS,
777 1903 1068 1967 servitiis
1102 1903 1244 1967 suis
1284 1909 1582 1988 tempore
1622 1903 1812 1966 dictae
1854 1901 2067 1966 missae
2105 1911 2261 1967 actu
2302 1923 2435 1966 non
2476 1903 2853 1985 necessarii,

602 2015 852 2105 aliique
892 2037 1162 2098 omneS,
1206 2023 1452 2103 praeter
1488 2039 1661 2104 quos
1709 2015 2273 2097 memoravimuS,
2325 2013 2581 2079 ibidem
2626 2017 2856 2080 missae

599 2127 990 2216 hujusmodi
1036 2129 1419 2210 adstanteS,
1481 2130 1568 2194 ab
1626 2129 2039 2214 obligatione
2085 2129 2406 2193 audiendi
2455 2129 2733 2193 missam
2786 2130 2855 2194 in

597 2242 866 2308 ecclesia
914 2243 1152 2308 diebus
1204 2244 1400 2329 sestis
1449 2243 1533 2307 de
1571 2251 1908 2329 praecepto
1958 2243 2234 2308 minime
2292 2242 2493 2308 liberi
2540 2265 2855 2308 censean-

601 2365 740 2422 tur.
814 2384 846 2418 »
917 2356 1080 2421 Haec
1145 2363 1376 2421 autem
1443 2358 1826 2439 necessitas,
1888 2363 1966 2421 ut
2016 2361 2239 2443 patet,
2292 2355 2701 2443 intelligitur
2766 2356 2851 2421 de

595 2471 1002 2538 necessitate
1036 2471 1304 2555 morali,
1339 2470 1407 2535 in
1449 2494 1527 2536 eo
1567 2493 1812 2559 nempe
1852 2492 2057 2536 sensu
2097 2469 2279 2559 quod
2318 2468 2389 2534 hi
2426 2468 2662 2535 famuli
2694 2477 2853 2535 sunt

598 2588 978 2669 necessarii,
1009 2586 1126 2674 qui
1164 2586 1603 2673 requiruntur
1638 2608 1759 2674 pro
1799 2584 2230 2650 convenienti
2269 2585 2511 2649 decore
2546 2590 2618 2649 et
2644 2584 2853 2649 comi-

594 2706 742 2765 tatu
779 2700 1386 2787 privilegiatorum,
1431 2698 2014 2787 privilegiatorum
2052 2720 2297 2787 nempe
2327 2698 2847 2785 principalium,

593 2818 672 2877 ut
708 2819 930 2902 patet,
974 2819 1042 2877 et
1081 2813 1288 2878 etiam
1335 2812 1919 2901 privilegiatorum
1956 2813 2371 2899 simplicium
2396 2817 2441 2896 ¹,
2482 2819 2560 2877 ut
2598 2812 2659 2877 si
2688 2835 2853 2901 aga-

595 2931 706 2990 tur
760 2924 844 2990 de
901 2926 1160 3014 puella,
1213 2948 1363 3013 quae
1409 2932 1607 3014 egeat
1657 2926 1904 2992 ancilla
1964 2949 2107 2992 sua.
2160 2965 2249 2975 ——
2294 2926 2491 2993 Unde
2540 2927 2853 2991 minister

597 3039 809 3104 missae
847 3061 983 3104 non
1025 3040 1356 3104 satisfacit
1393 3048 1765 3128 praecepte,
1809 3040 1942 3105 nisi
1980 3041 2068 3107 sit
2106 3040 2561 3121 necessarius,
2606 3040 2676 3105 id
2712 3045 2845 3123 est,

593 3152 726 3217 nisi
775 3152 953 3218 desit
1003 3153 1471 3241 privilegiatus
1515 3153 1633 3242 qui
1678 3154 1895 3242 possit
1934 3161 2030 3219 et·
2052 3153 2221 3219 velit
2257 3154 2643 3219 ministrare
2670 3155 2715 3219 ¹.
2758 3192 2849 3203 ——

595 3265 834 3344 Quoad
880 3267 1295 3332 sacerdotem
1345 3266 1836 3349 celebrantem,
1895 3266 2226 3332 satisfacit
2274 3274 2647 3355 praecepto,
2690 3268 2847 3355 quia

595 3379 912 3446 Clemens
950 3378 1077 3462 XI,
1121 3379 1393 3445 decreto
1443 3378 1779 3455 Quoniam
1815 3390 2078 3465 sancta,
2126 3380 2208 3448 15
2255 3381 2403 3447 dec.
2460 3382 2667 3463 1703,
2710 3404 2845 3469 quo

592 3495 891 3561 declarat
964 3494 1036 3558 in
1109 3494 1401 3559 oratorio
1469 3495 1841 3561 domestico
1916 3518 2053 3561 non
2128 3496 2441 3561 satisfieri
2506 3502 2845 3584 praecepto

592 3607 946 3691 Ecclesiae,
1031 3631 1166 3673 non
1243 3608 1545 3697 loquitur
1632 3609 1761 3673 nisi
1847 3609 1928 3674 de
2021 3610 2331 3696 personis
2412 3610 2843 3675 audientibus

595 3724 867 3787 missam
896 3724 940 3787 ³.

653 3926 668 3959 ¹
709 3926 859 3975 Licet
883 3928 1071 3974 contra
1102 3926 1304 3974 sentiat
1332 3925 1611 3983 Gatticus‚
1639 3940 1685 3975 c.
1716 3940 1841 3981 xxv,
1869 3941 1921 3975 n.
1954 3932 2040 3985 20,
2072 3926 2163 3989 qui
2192 3941 2300 3975 non
2328 3926 2583 3990 intelligit
2613 3930 2839 3978 necessi-

590 4006 757 4053 tatem
787 4004 889 4051 nisi
918 4007 1173 4066 respectu
1205 4001 1667 4062 indultariorum5
1700 4020 1885 4053 verum
1916 4005 2185 4053 indultum
2217 4020 2322 4055 non
2349 4007 2654 4069 distinguit.

651 4082 673 4116 ²
707 4082 984 4140 Gatticmz,
1015 4097 1066 4130 n.
1099 4088 1176 4130 23.

651 4160 674 4195 ³
707 4160 846 4209 Vide
874 4160 978 4209 hoc
1008 4161 1284 4209 decretum
1312 4162 1367 4209 in
1400 4162 1543 4211 Bull.
1573 4160 1793 4220 Bened„
1824 4165 1952 4225 post
1978 4162 2070 4211 cit.
2098 4162 2307 4225 encycl.
2344 4162 2558 4228 Μεςηο,
2585 4162 2673 4213 vel
2695 4164 2831 4226 apud

591 4238 853 4297 Feri-aris,
887 4246 947 4283 νο
984 4238 1324 4297 Orator-ium,
1358 4254 1410 4287 n.
1444 4244 1499 4300 53
1539 4268 1592 4276 -
1627 4244 1723 4289 aut
1753 4239 2133 4299 Reissenstuel‚
2164 4240 2218 4288 in
2248 4241 2333 4289 tit.
2364 4240 2442 4289 De
2470 4240 2833 4291 celebratione

591 4314 908 4373 missarum,
941 4332 993 4364 n.
1026 4320 1072 4364 5.
1583 4320 1588 4327 '
