3192 5025
1162 466 1250 515 DE
1289 466 1716 516 COEMETERIIS
2466 463 2569 515 249

308 610 508 696 sequi
544 610 740 674 dehet
782 617 1102 673 naturam
1129 610 1558 695 principalis,
1604 649 1693 659 —
1732 610 1833 675 De
1871 633 2006 698 quo
2048 610 2346 675 notanda
2384 610 2513 675 tria
2548 631 2563 678 :

403 747 466 789 a.
513 723 996 789 Coemeterium
1027 722 1274 788 dicitur
1311 723 1613 788 ecclesiae
1651 726 2074 810 conliquum‚
2109 724 2382 812 quando
2420 731 2569 791 tan-

308 838 415 925 git
453 838 640 925 ipsos
669 836 972 902 ecclesiae
1009 860 1274 919 muros,
1309 838 1403 903 ita
1431 844 1510 902 ut
1547 837 1717 903 nihil
1756 838 1847 903 sit
1883 838 2365 903 intermedium
2393 840 2572 905 inter

308 951 781 1017 coemeterium
829 958 897 1016 et
945 951 1324 1017 ecclesiam.
1380 950 1484 1017 lta
1531 952 1813 1033 Glossa,
1866 952 1935 1017 in
1984 952 2241 1019 dictum
2293 977 2441 1042 cap.
2495 954 2572 1020 Si

307 1066 690 1149 ecclesiam,
752 1068 814 1145 1,
865 1082 942 1129 νο
995 1065 1484 1150 δοηίίῃιιιιιηί,
1551 1088 1757 1153 quam
1816 1088 2055 1131 omnes
2112 1068 2329 1132 secuti
2382 1075 2565 1134 sunt.

307 1179 510 1246 Unde
563 1179 622 1243 si
675 1180 1140 1244 coemeterium
1191 1180 1280 1244 sit
1333 1179 1671 1267 tantisper
1722 1187 2061 1245 semotum
2115 1179 2199 1245 ab
2248 1182 2567 1264 ecclesia,

305 1292 602 1381 pollutio
643 1292 946 1357 ecclesiae
984 1316 1122 1358 non
1160 1294 1387 1382 ipsum
1426 1294 1729 1381 attingit.

403 1407 473 1473 h.
526 1406 598 1473 Si
645 1406 1110 1472 coemeterium
1156 1408 1527 1494 polluatur,
1579 1408 1898 1487 ecclesia,
1960 1409 2165 1473 etiam
2216 1410 2568 1493 comique,

309 1543 452 1585 non
490 1521 846 1609 polluitur,
888 1528 967 1586 ut
1003 1528 1273 1586 constat
1311 1544 1633 1609 expresse
1673 1522 1788 1588 cit.
1835 1544 1984 1610 cap.
2028 1522 2107 1587 Si
2141 1522 2507 1590 ecclesiam.

402 1658 461 1700 c.
510 1633 583 1700 Si
628 1634 762 1699 duo
802 1634 949 1723 (vel
987 1635 1219 1725 plura)
1261 1636 1400 1701 sint
1449 1636 1839 1701 coemeteria
1878 1635 2006 1700 sibi
2054 1637 2407 1723 contigua,
2452 1636 2573 1701 sed

299 1749 570 1834 pariete
618 1750 836 1814 medio
883 1756 1226 1836 separata,
1271 1772 1356 1815 ex
1403 1748 1781 1837 pollutione
1828 1750 2030 1815 unius
2078 1773 2215 1815 non
2264 1751 2575 1838 sequitur

308 1862 606 1951 pollutio
644 1863 949 1930 alterius,
978 1903 1067 1914 ——
1097 1862 1388 1929 Constat
1425 1863 1580 1929 eod.
1627 1887 1774 1955 cap.
1820 1864 1896 1929 Si
1933 1864 2298 1949 ecclesiam,
2343 1864 2412 1928 in
2438 1887 2573 1953 quo

310 1977 411 2042 sic
450 1976 676 2066 pergit
715 1976 1104 2043 Bonifacius
1144 1977 1305 2042 VIII
1337 1998 1352 2045 :
1393 2004 1424 2038 «
1459 1978 1613 2043 Non
1652 2001 1891 2059 unum,
1937 1978 2058 2043 sed
2094 1977 2290 2065 plura
2328 2000 2576 2043 coeme-

309 2090 485 2155 teria
513 2114 663 2156 esse
691 2098 1090 2171 noscuntur,
1125 2114 1308 2179 quoe,
1340 2092 1657 2180 quamvis
1686 2091 1815 2156 sibi
1846 2091 2252 2157 cohaerentia
2270 2144 2286 2173 ,
2312 2093 2577 2179 pariete

307 2211 544 2285 tamen
587 2206 804 2269 medio
840 2207 1347 2291 sequaquam&
1386 2206 1707 2294 ideoque,
1750 2205 2006 2269 violato
2055 2229 2288 2270 eorum
2328 2206 2568 2287 altero,

310 2319 608 2384 alterum
659 2318 856 2406 (licet
907 2319 992 2383 de
1042 2342 1179 2384 uno
1237 2319 1322 2384 ad
1375 2319 1561 2384 aliud
1611 2342 1735 2408 per
1778 2327 2047 2407 portam
2098 2320 2572 2385 intermediam

308 2431 646 2497 habeatur
672 2435 1009 2522 accessus)
1043 2456 1180 2498 non
1217 2441 1496 2523 propter
1521 2434 1651 2498 hoc
1690 2432 2114 2522 reputabitur
2143 2433 2495 2498 violatum.
2539 2460 2571 2494 »

309 2548 518 2613 Ratio
560 2556 664 2612 est
700 2548 860 2637 quia
905 2547 1049 2613 haec
1087 2548 1221 2613 duo
1263 2545 1648 2614 coemeteria
1699 2555 1861 2613 sunt
1909 2571 2098 2635 aeque
2137 2547 2568 2636 principalia,

309 2685 452 2726 non
492 2685 656 2726 vero
692 2685 906 2727 unum
944 2663 1141 2727 alteri
1181 2663 1659 2728 accessorium.

403 2775 480 2840 4⁰
526 2776 832 2860 Effectus
870 2777 1298 2863 pollutionis.
1343 2816 1432 2826 —
1467 2777 1744 2842 Polluto
1793 2777 2197 2860 coemeteriO,
2243 2780 2435 2861 nefas
2476 2784 2575 2842 est

313 2891 386 2955 in
437 2890 557 2954 illo
602 2890 881 2976 sepelire
932 2899 1258 2956 mortuo-3.
1314 2891 1602 2957 Constat
1639 2912 1958 2979 expresse
2008 2913 2093 2954 ex
2130 2890 2245 2956 cit.
2292 2914 2439 2979 cap.
2498 2891 2574 2956 Si

310 3004 660 3069 ecclesiam
687 3027 714 3070 .·
747 3032 779 3064 «
826 3004 1372 3093 (Coemeterium)
1407 3011 1723 3070 censetur
1761 3027 1910 3069 esse
1948 3004 2319 3091 pollutum;
2362 3005 2567 3088 unde,

311 3125 686 3205 antequam
747 3119 1259 3183 reconciliatum
1321 3118 1555 3200 fuerit,
1626 3141 1758 3182 non
1814 3119 2008 3182 dehet
2070 3120 2139 3183 in
2194 3141 2268 3182 eo
2324 3119 2576 3205 aliquis

309 3232 608 3317 sepeliri.
659 3231 690 3293 >i

413 3469 605 3538 148.
652 3507 742 3518 —
779 3469 1350 3538 Reconciliatio
1397 3470 2058 3538 coemeteriorum.
2099 3507 2186 3518 —-
2233 3468 2325 3535 Ut
2372 3468 2576 3533 intel-

313 3585 574 3671 ligatur
631 3583 784 3670 quis
837 3589 905 3648 et
959 3605 1094 3672 quo
1146 3585 1282 3648 ritu
1331 3583 1765 3648 reconciliare
1817 3581 2061 3648 debeat
2112 3582 2575 3648 coemeterium

312 3698 693 3785 pollutum,
736 3696 1295 3784 distinguendum
1335 3704 1438 3762 est
1474 3715 1490 3763 ε

411 3814 490 3875 10
524 3811 653 3876 Vel
694 3813 1158 3877 coemeterium
1204 3810 1546 3899 pollutum
1586 3818 1693 3876 est
1730 3819 2214 3897 consequenter
2250 3811 2339 3874 ad
2374 3810 2579 3875 eccle-

313 3929 432 3991 siae
463 3926 918 4011 pollutionem
959 3924 1111 4013 (qui
1152 3932 1258 3990 est
1301 3925 1607 4011 specialis
1645 3923 1888 3990 modus
1934 3923 2335 4011 pollutionis
2372 3947 2577 4012 supra

315 4040 664 4129 notatus).
707 4079 798 4088 ——
841 4039 918 4105 In
965 4038 1093 4105 hoc
1143 4063 1336 4120 casu,
1389 4038 1673 4104 ecclesia
1723 4046 1791 4105 et
1838 4039 2299 4104 coemeterium
2347 4061 2579 4103 recon-

387 4275 406 4308 ¹
445 4275 566 4323 Loc.
597 4273 708 4334 cit„
737 4290 791 4338 p.
823 4277 930 4323 579.
