3192 5025
565 516 656 565 DE
693 512 1238 565 CONSECRATIONE
1276 514 1358 563 ET
1398 511 1885 563 BENEDICTIONE
1923 512 2385 565 ECCLESIARUM
2537 516 2609 567 29

345 656 750 746 Episcopus,
812 696 902 707 -
957 657 1247 723 Constat
1307 680 1392 722 ex
1453 664 1599 722 toto
1660 656 1861 721 titulo
1929 658 2032 722 Dr:
2098 678 2610 726 consenui-loss

347 793 689 852 secusne,
734 777 836 852 et,
882 772 950 836 in
991 770 1270 835 Dect-eto
1312 770 1656 851 Gratiani,
1701 769 1839 835 fere
1878 778 2020 836 tota
2061 771 2497 838 distinctione
2538 773 2599 855 1,

349 887 454 951 DE
483 904 1026 964 conssscnxnonng
1070 881 1318 972 quibus
1358 883 1428 947 in
1457 882 1652 965 locis,
1689 883 1955 972 quoties
1994 884 2218 971 agitur
2248 885 2331 951 de
2371 909 2605 952 conse-

347 999 602 1065 cranda
659 997 981 1077 ecclesia,
1042 1019 1312 1085 semper
1362 996 1710 1061 inducitur
1756 998 2130 1083 Episcopus
2180 1006 2259 1064 ut
2295 1000 2613 1065 minister

346 1112 636 1179 idoneus
684 1118 754 1177 et
800 1110 1183 1175 ordinarius
1235 1110 1804 1191 consecrationis;
1859 1117 2130 1177 constat
2188 1112 2467 1202 insuper
2522 1138 2607 1178 ex

345 1249 480 1293 usu
514 1224 888 1290 universali
928 1224 1274 1290 Ecclesiae.
1313 1222 1511 1289 Unde
1549 1222 1907 1289 deducitur
1945 1224 2205 1290 theoria
2244 1228 2601 1307 canonica,

348 1360 597 1426 nempe
662 1337 1042 1403 Ecclesiam
1117 1360 1268 1425 quae
1333 1337 1540 1402 ritum
1591 1318 1803 1401 ‘illum
1868 1338 2138 1425 propria
2203 1340 2607 1405 auctoritate

347 1450 681 1532 instituit,
716 1452 1032 1516 eumdem
1069 1450 1476 1517 annexuisse
1514 1449 1737 1515 ordini
1775 1450 2173 1539 episcopali,
2210 1452 2389 1519 sicut
2418 1452 2614 1518 Chri-

348 1571 502 1629 stus
538 1564 684 1653 ipse
717 1564 912 1652 plura
951 1586 1036 1629 ex
1075 1562 1408 1628 institutis
1448 1586 1484 1628 a
1529 1586 1603 1628 se
1647 1563 2092 1628 sacramentis
2130 1564 2350 1630 eidem
2388 1566 2609 1631 ordini

347 1675 723 1765 episcopali
759 1678 1108 1743 annexuit.

439 1790 509 1855 2⁰
575 1790 956 1879 Episcopus
1017 1790 1226 1855 etiam
1294 1790 1679 1873 lzaereticus,
1740 1797 1859 1856 aut
1923 1791 2091 1856 alias
2156 1792 2605 1877 acatholicus,

348 1903 576 1969 valide
629 1903 836 1968 etiam
891 1902 1212 1968 ecclesias
1258 1909 1643 1983 consecrat,
1698 1902 1901 1968 modo
1948 1904 2121 1969 ritus
2170 1904 2256 1969 ab
2308 1906 2611 1973 Ecclesia

351 2016 784 2105 praescriptos
832 2015 1176 2082 adhibeat.
1220 2055 1307 2066 -—
1355 2015 1647 2083 Constat
1697 2040 1820 2082 usu
1871 2018 2182 2084 Ecclesiae
2197 2037 2227 2102 ,·
2273 2021 2612 2107 potuisset

351 2130 632 2218 quidem
682 2129 985 2195 Ecclesia
1035 2130 1209 2196 hanc
1265 2130 1848 2196 consecrationem
1903 2130 2201 2213 irritare,
2254 2156 2409 2197 cum
2466 2141 2611 2200 tota

350 2266 464 2309 res
502 2243 634 2309 ista
672 2242 756 2307 ab
803 2242 952 2331 ejus
989 2242 1342 2308 voluntate
1389 2243 1723 2331 pendeat3
1766 2245 1888 2309 sed
1925 2244 2009 2309 de
2058 2245 2237 2311 facto
2285 2269 2421 2311 non
2460 2247 2610 2311 irri-

349 2356 560 2437 tavit,
615 2378 770 2421 cum
825 2354 1071 2420 nullibi
1120 2362 1306 2421 extet
1365 2356 1568 2443 hujus
1623 2356 2023 2423 irritationis
2079 2359 2479 2447 vestigium3
2542 2368 2611 2426 et

351 2470 449 2536 ita
487 2469 736 2535 docent
774 2492 1045 2551 omnes,
1088 2476 1247 2558 post
1284 2469 1638 2553 Glossam,
1683 2470 1751 2535 in
1791 2492 1941 2537 can.
1986 2472 2335 2557 EcclesiiS,
2378 2474 2497 2557 20,
2542 2482 2611 2541 et

351 2585 712 2667 Ecclesias,
755 2583 866 2665 21,
910 2583 1072 2648 dist.
1118 2582 1180 2664 l,
1221 2584 1324 2648 DE
1361 2604 1871 2650 coxsncnnloxss
1895 2589 1938 2651 ¹.
1983 2585 2095 2650 Sic
2134 2586 2378 2651 iterum
2419 2587 2613 2654 Chri-

351 2705 538 2762 stum
591 2697 851 2760 imitata
909 2704 1045 2777 est,
1105 2697 1223 2784 qui
1279 2697 1500 2761 noluit
1552 2696 1976 2762 validitatem
2028 2706 2609 2765 sacramentorum

349 2833 440 2877 ex
475 2810 612 2875 fide
649 2809 945 2874 ministri
981 2810 1298 2898 pendere.

443 2925 512 2990 3⁰
564 2922 945 3011 Episcopus
1000 2945 1137 2987 non
1183 2930 1413 3010 potest
1462 2923 1776 3010 delegare
1828 2925 2205 3011 simplicem
2250 2928 2611 3013 preshyte-

354 3059 516 3102 rum
567 3035 655 3101 ad
708 3036 1236 3102 consecrandam
1293 3037 1673 3103 ecclesiam.
1727 3076 1816 3086 —-
1868 3035 2065 3104 Clare
2116 3038 2474 3105 deducitur
2527 3063 2610 3106 ex

353 3173 504 3238 cap.
564 3149 806 3236 Aqua,
875 3149 941 3230 9,
995 3149 1099 3214 Dr.
1149 3170 1659 3216 conssscfflrlosn
1706 3171 1910 3233 Ecca,
1953 3151 2025 3215 in
2071 3175 2205 3241 quo
2258 3153 2604 3231 Pontifex,

350 3265 646 3351 loquens
674 3262 758 3328 de
797 3262 882 3327 iis
920 3285 1072 3350 quae
1103 3263 1480 3351 Episcopus
1520 3265 1946 3329 committere
1986 3264 2137 3330 aliis
2176 3273 2429 3353 potest,
2465 3267 2559 3332 ait
2590 3285 2604 3332 :

359 3404 392 3438 «
428 3375 598 3455 Quae
635 3376 896 3441 ordinis
922 3376 1315 3462 episcopalis
1343 3384 1538 3458 sunt,
1573 3399 1711 3441 non
1738 3383 1967 3464 potest
1994 3377 2331 3442 inferioris
2358 3379 2615 3466 gradus

353 3489 620 3554 clericis
649 3487 1092 3568 demandare;
1137 3515 1168 3549 »
1209 3489 1391 3554 unde
1430 3489 1777 3556 concludit
1796 3490 2207 3578 Episcopum
2246 3513 2385 3556 non
2411 3515 2611 3579 posse

353 3603 673 3690 delegare
721 3602 1199 3690 presbyterum
1245 3603 1334 3670 ad
1379 3603 1950 3668 reconciliandam
2002 3603 2397 3684 ecclesiam3
2450 3628 2617 3692 ergo

355 3739 396 3782 a
447 3715 712 3780 fortiori
764 3715 849 3781 ad
900 3718 1453 3800 consecrandam,
1511 3739 1755 3804 quum,
1814 3717 1872 3780 si
1928 3717 2022 3782 ita
2082 3716 2269 3805 loqui
2331 3717 2433 3783 fas
2484 3719 2606 3797 sit,

353 3829 779 3895 consecratio
827 3829 1046 3916 magis
1083 3830 1172 3894 sit
1217 3829 1474 3894 ordinis
1521 3829 1928 3917 episcopalis
1964 3852 2171 3919 quam
2216 3831 2616 3898 reconcilia—

352 3942 478 4008 tio.
513 3981 602 3992 --
633 3941 720 4006 Et
756 3942 853 4006 ita
881 3941 1077 4029 jubet
1115 3943 1319 4008 etiam
1357 3941 1821 4008 ecclesiastica
1857 3942 2155 4026 traditio,
2192 3944 2384 4031 cujus
2423 3944 2613 4010 lucu-

423 4170 442 4206 ¹
479 4169 561 4218 Cf.
595 4168 950 4219 Benedictum
981 4168 1125 4226 XIV,
1153 4169 1259 4218 litt.
1289 4170 1412 4219 Jam
1443 4168 1594 4228 inde,
1628 4173 1688 4218 12
1723 4171 1848 4218 maii
1884 4174 2033 4229 1756,
2065 4175 2175 4230 §5²
2216 4171 2361 4220 Ball.
2391 4171 2610 4230 Bened„

359 4251 404 4298 t.
435 4264 510 4306 nr,
541 4263 594 4297 ιι.
627 4251 705 4296 57.
732 4248 1140 4311 —Allegatura
1167 4247 1493 4310 quibusdam
1519 4263 1639 4297 can.
1668 4247 1809 4299 Non·
1822 4249 2001 4308 nocet,
2034 4254 2110 4308 89,
2127 4249 2285 4299 caus,
2305 4249 2346 4309 1,
2370 4265 2423 4312 q.
2447 4263 2490 4311 ις
2518 4251 2618 4298 sed

361 4327 454 4376 hic
481 4341 658 4377 canon
684 4331 768 4376 est
797 4326 976 4375 dubiae
1005 4327 1366 4376 auctoritatis.
