3192 5025
575 473 680 526 2¹6
1454 474 1544 524 DE
1580 472 1948 524 ALTARIBUS

578 619 871 684 rubricis
907 617 1344 704 qeneralibua
1376 616 1698 700 missalis,
1741 622 1919 704 part.
1964 615 2018 698 1,
2064 617 2170 682 tit.
2217 636 2306 680 xx
2354 634 2368 680 ε
2418 641 2450 674 «
2495 615 2819 680 Altare...

573 731 776 798 debet
823 755 971 798 esse
1023 730 1479 821 lapideum...‚
1545 730 1659 796 vel
1706 731 1951 797 saltem
1998 753 2119 795 ara
2166 731 2457 816 lapidea,
2512 727 2833 793 similiter

571 845 657 912 ab
695 847 1012 936 episcopo
1051 845 1164 911 vel
1201 843 1446 910 abbate
1474 851 1554 910 ut
1591 867 1797 932 supra
1834 851 2257 923 consecrata,
2302 844 2372 909 in
2412 865 2491 908 eo
2528 843 2821 923 inserta,

571 983 722 1049 quae
761 968 902 1025 tarn
940 959 1165 1047 ampla
1213 959 1301 1024 sit
1339 966 1417 1023 ut
1455 958 1750 1023 hostiam
1797 966 1865 1024 et
1913 959 2239 1046 majorem
2292 965 2552 1045 partem
2592 955 2829 1022 calicis

573 1074 815 1162 capiat.
869 1101 901 1134 »

655 1188 725 1254 b.
770 1188 966 1268 Quod
1013 1187 1256 1253 debeat
1304 1193 1615 1253 constare
1664 1187 1887 1276 lapide
1930 1188 2156 1270 unice,
2191 1209 2374 1273 puro
2421 1192 2491 1251 et
2529 1187 2823 1271 intequ,

571 1309 838 1367 constat
924 1301 1182 1368 eisdem
1261 1300 1683 1388 argumentis
1758 1323 1837 1365 ac
1925 1322 2129 1388 supra
2204 1325 2326 1390 pro
2412 1298 2610 1364 altari
2688 1300 2829 1362 fixo

571 1415 675 1502 (n.
723 1417 957 1505 114);
1001 1415 1115 1481 cit.
1159 1415 1340 1480 enim
1369 1420 1603 1480 textus
1642 1413 1728 1479 ad
1764 1419 2126 1501 utrumque
2165 1414 2377 1480 altare
2413 1413 2824 1478 referuntur.

659 1529 727 1593 2⁰
767 1528 983 1595 Debet
1015 1551 1164 1594 esse
1202 1529 1364 1593 satis
1403 1527 1657 1614 ampla,
1700 1528 1788 1592 ad
1815 1528 2217 1613 capiendum
2258 1528 2547 1592 hostiam
2584 1535 2648 1590 et
2678 1548 2827 1590 ma-

555 1645 790 1730 jorem
826 1651 1101 1730 partem
1147 1643 1392 1706 calicis.
1445 1681 1536 1690 —
1581 1642 1874 1707 Constat
1923 1641 2125 1728 alleg.
2184 1641 2447 1706 rubrica
2498 1638 2823 1704 missalis,

567 1756 753 1822 Nihil
792 1765 1020 1822 tamen
1060 1756 1344 1845 impedit
1389 1755 1555 1843 quin
1608 1755 1699 1820 sit
1748 1755 1966 1819 multo
2014 1755 2261 1843 major,
2313 1762 2380 1820 et
2420 1755 2623 1820 etiam
2668 1775 2827 1840 pro-

567 1870 886 1935 tendatur
912 1893 1033 1958 per
1061 1876 1278 1935 totam
1305 1869 1731 1959 superficiem
1762 1869 2021 1934 altaris,
2064 1908 2151 1919 —
2188 1869 2380 1935 Solet
2406 1877 2632 1934 autem
2670 1889 2827 1932 esse

567 1984 897 2072 quadrata
938 1990 1056 2049 aut
1093 1983 1413 2070 oblonga.

659 2097 727 2164 3⁰
765 2098 926 2162 Haec
965 2121 1113 2179 ara,
1149 2097 1362 2163 semel
1400 2105 1817 2178 consecrata,
1852 2097 2427 2187 superimponitur
2464 2102 2829 2161 structurae

570 2210 903 2290 inferiori,
963 2235 1100 2276 non
1161 2212 1346 2300 quod
1397 2234 1611 2276 unum
1664 2210 1866 2276 faciat
1914 2234 2071 2276 cum
2121 2211 2286 2292 ista,
2336 2211 2454 2277 sed
2504 2216 2580 2275 ut
2632 2209 2829 2274 suffi-

571 2325 828 2390 cienter
893 2326 1034 2390 alta
1107 2325 1227 2408 sit,
1301 2326 1387 2390 ad
1448 2324 1881 2391 commodum
1956 2325 2327 2392 sacerdotis
2390 2323 2819 2391 celebrantis.

572 2439 737 2505 Hoec
774 2445 1114 2504 structura
1161 2445 1391 2527 potest
1427 2463 1576 2505 esse
1624 2440 1736 2504 vel
1775 2463 1859 2504 ex
1898 2462 2091 2505 muro
2142 2438 2409 2529 lapideo
2448 2444 2565 2504 aut
2598 2437 2830 2504 lateri-

570 2555 701 2637 tio,
771 2556 882 2620 vel
944 2578 1030 2619 ex
1093 2554 1316 2641 ligno,
1373 2553 1485 2620 vel
1544 2553 1792 2620 habere
1858 2553 2243 2637 columnaS‚
2308 2555 2404 2620 ita
2464 2562 2691 2620 tamen
2746 2560 2831 2618 ut

571 2668 846 2735 solitam
898 2668 1144 2734 referat
1197 2669 1492 2757 speciem
1537 2668 1795 2733 altaris,
1852 2708 1941 2718 —
1997 2667 2257 2734 Tabula
2312 2676 2540 2734 autem
2590 2690 2831 2733 conse-

573 2789 757 2849 crata
806 2788 1161 2848 structurae
1200 2782 1500 2848 inferiori
1537 2782 1911 2871 imponitur
1948 2790 2017 2847 et
2056 2782 2409 2859 inseritur,
2453 2783 2565 2848 vel
2613 2782 2709 2847 ita
2748 2790 2829 2847 ut

576 2897 794 2984 possit
845 2896 1042 2961 facile
1087 2896 1290 2963 avelli
1335 2903 1404 2962 ct
1452 2897 1609 2963 inde
1650 2896 2014 2985 asportari,
2059 2897 2202 2978 vel,
2244 2897 2347 2961 uti
2389 2897 2646 2961 dictum
2682 2903 2827 2975 est,

576 3009 778 3075 modo
819 3009 1046 3075 stabili
1085 3016 1153 3076 et
1191 3010 1555 3089 immobili;
1615 3010 1766 3090 sed,
1829 3009 1900 3075 in
1950 3017 2237 3098 utroque
2284 3034 2479 3092 casu,
2527 3016 2833 3075 remanet

577 3146 689 3190 ara
727 3124 1089 3212 portatilis,
1132 3162 1222 3176 -
1262 3125 1338 3189 In
1385 3124 1671 3190 ecclesia
1711 3123 1931 3189 solum
1971 3123 2354 3205 benedicta,
2398 3123 2713 3190 convenit
2750 3130 2832 3189 ut

576 3261 790 3305 unum
833 3237 1079 3303 saltem
1131 3240 1376 3321 altare,
1419 3262 1665 3327 nempe
1703 3237 1915 3305 altare
1962 3238 2365 3327 principale,
2409 3239 2498 3303 sit
2544 3239 2633 3303 ad
2683 3260 2833 3303 mo—

577 3355 745 3419 dum
771 3353 930 3438 fixi,
974 3376 1219 3441 nempe
1265 3360 1342 3419 ut
1389 3376 1502 3418 ara
1550 3352 1891 3441 portatilis
1937 3353 2140 3419 modo
2179 3352 2405 3419 stabili
2452 3353 2702 3418 inserta
2741 3352 2835 3416 sit

578 3466 878 3532 inferiori
925 3473 1304 3533 structurae.
1363 3467 1465 3532 Ita
1510 3466 1582 3533 S.
1640 3466 1778 3533 Rit.
1842 3467 2093 3556 Congr.
2138 3466 2209 3532 in
2268 3489 2405 3532 una
2442 3465 2515 3533 S.
2566 3466 2833 3553 Hippo-

583 3580 737 3667 lyei,
780 3581 855 3648 31
903 3603 1059 3669 aug.
1107 3582 1312 3661 1867,
1355 3581 1441 3647 ad
1483 3580 1512 3644 1
1547 3584 1588 3646 ¹.

674 3775 864 3846 128.
895 3816 985 3826 —
1024 3777 1494 3867 Sepulcrum
1533 3796 1692 3845 arae
1730 3777 2157 3865 portatilis.
2191 3814 2273 3826 —
2308 3778 2407 3843 De
2435 3777 2563 3843 hoc
2604 3776 2837 3865 sepul-

580 3912 695 3955 cro
734 3889 877 3955 haec
915 3889 1198 3957 dicenda
1235 3911 1250 3957 :

674 4002 740 4068 1⁰
778 4002 1016 4082 Quoad
1057 4006 1278 4070 locum
1318 4004 1611 4093 sepulcri
1646 4024 1663 4071 z

670 4141 734 4184 a.
788 4116 1014 4199 Quum
1062 4120 1446 4206 sepulcrum
1493 4116 1933 4205 reliquiarum
1981 4117 2227 4183 debeat
2268 4140 2419 4185 esse
2478 4119 2549 4183 in
2599 4118 2802 4185 altari
2822 4174 2842 4203 ,

645 4289 664 4321 ¹
701 4288 928 4338 Decreta
955 4288 1293 4347 authentica,
1327 4305 1380 4337 n.
1407 4293 1556 4345 3162,
1587 4290 1628 4337 t.
1661 4303 1723 4345 u,
1755 4303 1807 4350 p.
1842 4290 1949 4337 ⁴56.
