<?xml version="1.0" encoding="UTF-8"?>
<!DOCTYPE html PUBLIC "-//W3C//DTD XHTML 1.0 Transitional//EN"
    "http://www.w3.org/TR/xhtml1/DTD/xhtml1-transitional.dtd">
<html xmlns="http://www.w3.org/1999/xhtml" xml:lang="en" lang="en">
 <head>
  <title>
</title>
<meta http-equiv="Content-Type" content="text/html;charset=utf-8" />
  <meta name='ocr-system' content='tesseract 3.04.00' />
  <meta name='ocr-capabilities' content='ocr_page ocr_carea ocr_par ocr_line ocrx_word'/>
</head>
<body>
  <div class='ocr_page' id='page_1' title='image "./praelectionesde02manygoog_0161.png"; bbox 0 0 3192 5025; ppageno 0'>
   <div class='ocr_carea' id='block_1_1' title="bbox 924 469 2512 526">
    <p class='ocr_par' dir='ltr' id='par_1_1' title="bbox 924 469 2512 526">
     <span class='ocr_line' id='line_1_1' title="bbox 924 469 2512 526; baseline 0.003 -5"><span class='ocrx_word' id='word_1_1' title='bbox 924 472 1014 522; x_wconf 85' lang='lat' dir='ltr'><strong>DE</strong></span> <span class='ocrx_word' id='word_1_2' title='bbox 1051 470 1411 523; x_wconf 81' lang='lat' dir='ltr'>ORATORIIS</span> <span class='ocrx_word' id='word_1_3' title='bbox 1450 469 1844 523; x_wconf 77' lang='lat' dir='ltr'>DOMESTICIS</span> <span class='ocrx_word' id='word_1_4' title='bbox 2410 473 2512 526; x_wconf 78' lang='lat'><strong>145</strong></span> 
     </span>
    </p>
   </div>
   <div class='ocr_carea' id='block_1_2' title="bbox 248 614 2514 931">
    <p class='ocr_par' dir='ltr' id='par_1_2' title="bbox 248 614 2514 931">
     <span class='ocr_line' id='line_1_2' title="bbox 248 614 2507 706; baseline 0 -24"><span class='ocrx_word' id='word_1_5' title='bbox 248 617 585 706; x_wconf 74' lang='lat' dir='ltr'><strong>publicis,</strong></span> <span class='ocrx_word' id='word_1_6' title='bbox 636 640 705 682; x_wconf 82' lang='lat' dir='ltr'><strong>v.</strong></span> <span class='ocrx_word' id='word_1_7' title='bbox 757 639 825 704; x_wconf 88' lang='lat' dir='ltr'><strong>g.</strong></span> <span class='ocrx_word' id='word_1_8' title='bbox 879 616 949 680; x_wconf 92' lang='lat' dir='ltr'><strong>in</strong></span> <span class='ocrx_word' id='word_1_9' title='bbox 1006 614 1422 696; x_wconf 82' lang='lat' dir='ltr'><strong>seminariiS‚</strong></span> <span class='ocrx_word' id='word_1_10' title='bbox 1477 615 2082 680; x_wconf 80' lang='lat' dir='ltr'><strong>communitatibus</strong></span> <span class='ocrx_word' id='word_1_11' title='bbox 2139 616 2507 705; x_wconf 86' lang='lat' dir='ltr'><strong>religiosis,</strong></span> 
     </span>
     <span class='ocr_line' id='line_1_3' title="bbox 258 729 2514 820; baseline 0.001 -25"><span class='ocrx_word' id='word_1_12' title='bbox 258 730 738 820; x_wconf 79' lang='lat' dir='ltr'><strong>hospitalibuS‚</strong></span> <span class='ocrx_word' id='word_1_13' title='bbox 768 737 901 796; x_wconf 88' lang='lat' dir='ltr'><strong>etc.</strong></span> <span class='ocrx_word' id='word_1_14' title='bbox 940 729 1171 794; x_wconf 81' lang='lat' dir='ltr'>Priora</span> <span class='ocrx_word' id='word_1_15' title='bbox 1199 735 1534 794; x_wconf 84' lang='lat' dir='ltr'><strong>vocantur</strong></span> <span class='ocrx_word' id='word_1_16' title='bbox 1569 731 1868 795; x_wconf 81' lang='lat' dir='ltr'><strong>oratoria</strong></span> <span class='ocrx_word' id='word_1_17' title='bbox 1893 731 2254 796; x_wconf 76' lang='lat' dir='ltr'><strong>domestica</strong></span> <span class='ocrx_word' id='word_1_18' title='bbox 2283 732 2514 798; x_wconf 84' lang='lat' dir='ltr'><strong>stricte</strong></span> 
     </span>
     <span class='ocr_line' id='line_1_4' title="bbox 258 842 2330 931; baseline 0 -21"><span class='ocrx_word' id='word_1_19' title='bbox 258 845 483 925; x_wconf 85' lang='lat' dir='ltr'><strong>dicta;</strong></span> <span class='ocrx_word' id='word_1_20' title='bbox 528 844 661 910; x_wconf 86' lang='lat' dir='ltr'><strong>alia</strong></span> <span class='ocrx_word' id='word_1_21' title='bbox 698 851 1031 909; x_wconf 84' lang='lat' dir='ltr'><strong>vocantur</strong></span> <span class='ocrx_word' id='word_1_22' title='bbox 1066 842 1437 931; x_wconf 87' lang='lat' dir='ltr'><strong>aliquando</strong></span> <span class='ocrx_word' id='word_1_23' title='bbox 1471 844 1966 930; x_wconf 78' lang='lat' dir='ltr'><strong>semi-publica.</strong></span> <span class='ocrx_word' id='word_1_24' title='bbox 2009 882 2089 894; x_wconf 90' lang='lat'><em>-</em></span> <span class='ocrx_word' id='word_1_25' title='bbox 2135 843 2330 910; x_wconf 87' lang='lat' dir='ltr'>Unde</span> 
     </span>
    </p>
   </div>
   <div class='ocr_carea' id='block_1_3' title="bbox 264 1070 2522 1273">
    <p class='ocr_par' dir='ltr' id='par_1_3' title="bbox 264 1070 2522 1273">
     <span class='ocr_line' id='line_1_5' title="bbox 268 1070 2522 1141; baseline -0.001 -1"><span class='ocrx_word' id='word_1_26' title='bbox 268 1135 273 1140; x_wconf 88' lang='lat'>.</span> <span class='ocrx_word' id='word_1_27' title='bbox 356 1073 495 1141; x_wconf 78' lang='grc'><strong>78.</strong></span> <span class='ocrx_word' id='word_1_28' title='bbox 525 1108 615 1120; x_wconf 92' lang='grc'>-</span> <span class='ocrx_word' id='word_1_29' title='bbox 642 1071 881 1140; x_wconf 81' lang='lat' dir='ltr'><strong>Notio</strong></span> <span class='ocrx_word' id='word_1_30' title='bbox 918 1071 1245 1139; x_wconf 81' lang='lat' dir='ltr'><strong>oratorii</strong></span> <span class='ocrx_word' id='word_1_31' title='bbox 1274 1070 1716 1139; x_wconf 82' lang='lat' dir='ltr'><strong>domestici.</strong></span> <span class='ocrx_word' id='word_1_32' title='bbox 1746 1109 1836 1119; x_wconf 92' lang='lat'>—</span> <span class='ocrx_word' id='word_1_33' title='bbox 1865 1071 2254 1137; x_wconf 79' lang='lat' dir='ltr'><strong>Oratorium</strong></span> <span class='ocrx_word' id='word_1_34' title='bbox 2293 1071 2522 1138; x_wconf 86' lang='lat' dir='ltr'><strong>dome-</strong></span> 
     </span>
     <span class='ocr_line' id='line_1_6' title="bbox 264 1185 2522 1273; baseline -0.001 -21"><span class='ocrx_word' id='word_1_35' title='bbox 264 1186 517 1252; x_wconf 84' lang='lat' dir='ltr'><strong>sticum</strong></span> <span class='ocrx_word' id='word_1_36' title='bbox 555 1191 661 1250; x_wconf 85' lang='lat' dir='ltr'><strong>est</strong></span> <span class='ocrx_word' id='word_1_37' title='bbox 707 1185 1085 1250; x_wconf 82' lang='lat' dir='ltr'><strong>oratorium</strong></span> <span class='ocrx_word' id='word_1_38' title='bbox 1123 1185 1478 1270; x_wconf 80' lang='lat' dir='ltr'><strong>privatum</strong></span> <span class='ocrx_word' id='word_1_39' title='bbox 1520 1185 1588 1248; x_wconf 90' lang='lat' dir='ltr'><strong>in</strong></span> <span class='ocrx_word' id='word_1_40' title='bbox 1636 1185 1951 1252; x_wconf 75' lang='lat' dir='ltr'><em>domibus</em></span> <span class='ocrx_word' id='word_1_41' title='bbox 1988 1186 2279 1270; x_wconf 78' lang='lat' dir='ltr'><strong>privatis</strong></span> <span class='ocrx_word' id='word_1_42' title='bbox 2316 1210 2522 1273; x_wconf 80' lang='lat' dir='ltr'><strong>para-</strong></span> 
     </span>
    </p>
   </div>
   <div class='ocr_carea' id='block_1_4' title="bbox 270 1296 2526 1730">
    <p class='ocr_par' dir='ltr' id='par_1_4' title="bbox 270 1296 2526 1730">
     <span class='ocr_line' id='line_1_7' title="bbox 270 1296 2523 1389; baseline 0 -23"><span class='ocrx_word' id='word_1_43' title='bbox 270 1309 443 1366; x_wconf 83' lang='lat' dir='ltr'><strong>tum.</strong></span> <span class='ocrx_word' id='word_1_44' title='bbox 501 1299 699 1366; x_wconf 84' lang='lat' dir='ltr'>Unde</span> <span class='ocrx_word' id='word_1_45' title='bbox 763 1298 1226 1384; x_wconf 79' lang='lat' dir='ltr'>distinguitur,</span> <span class='ocrx_word' id='word_1_46' title='bbox 1287 1305 1435 1363; x_wconf 88' lang='lat' dir='ltr'><strong>tum</strong></span> <span class='ocrx_word' id='word_1_47' title='bbox 1498 1296 1583 1362; x_wconf 87' lang='lat' dir='ltr'><strong>ab</strong></span> <span class='ocrx_word' id='word_1_48' title='bbox 1645 1297 1781 1362; x_wconf 90' lang='lat' dir='ltr'><strong>illis</strong></span> <span class='ocrx_word' id='word_1_49' title='bbox 1842 1299 2184 1380; x_wconf 77' lang='lat' dir='ltr'><strong>oratoriiS,</strong></span> <span class='ocrx_word' id='word_1_50' title='bbox 2243 1324 2394 1389; x_wconf 83' lang='lat' dir='ltr'><strong>quae</strong></span> <span class='ocrx_word' id='word_1_51' title='bbox 2455 1301 2523 1366; x_wconf 88' lang='lat' dir='ltr'><strong>in</strong></span> 
     </span>
     <span class='ocr_line' id='line_1_8' title="bbox 270 1411 2523 1502; baseline -0 -22"><span class='ocrx_word' id='word_1_52' title='bbox 270 1413 589 1480; x_wconf 87' lang='lat' dir='ltr'>domibus</span> <span class='ocrx_word' id='word_1_53' title='bbox 634 1412 909 1502; x_wconf 91' lang='lat' dir='ltr'><strong>quidem</strong></span> <span class='ocrx_word' id='word_1_54' title='bbox 957 1411 1240 1500; x_wconf 85' lang='lat' dir='ltr'><strong>privatis</strong></span> <span class='ocrx_word' id='word_1_55' title='bbox 1293 1412 1673 1499; x_wconf 82' lang='lat' dir='ltr'><strong>eriguntur,</strong></span> <span class='ocrx_word' id='word_1_56' title='bbox 1724 1413 1844 1477; x_wconf 89' lang='lat' dir='ltr'><strong>sed</strong></span> <span class='ocrx_word' id='word_1_57' title='bbox 1889 1420 2127 1502; x_wconf 85' lang='lat' dir='ltr'><strong>patent</strong></span> <span class='ocrx_word' id='word_1_58' title='bbox 2173 1413 2523 1498; x_wconf 87' lang='lat' dir='ltr'><strong>omnibus,</strong></span> 
     </span>
     <span class='ocr_line' id='line_1_9' title="bbox 272 1525 2526 1615; baseline -0.001 -19"><span class='ocrx_word' id='word_1_59' title='bbox 272 1537 391 1596; x_wconf 86' lang='lat' dir='ltr'><strong>aut</strong></span> <span class='ocrx_word' id='word_1_60' title='bbox 430 1527 689 1594; x_wconf 88' lang='lat' dir='ltr'><strong>habent</strong></span> <span class='ocrx_word' id='word_1_61' title='bbox 726 1526 1004 1593; x_wconf 88' lang='lat' dir='ltr'><strong>titulum</strong></span> <span class='ocrx_word' id='word_1_62' title='bbox 1040 1525 1349 1591; x_wconf 84' lang='lat' dir='ltr'><strong>beneficii</strong></span> <span class='ocrx_word' id='word_1_63' title='bbox 1386 1549 1760 1608; x_wconf 85' lang='lat' dir='ltr'><strong>annexum,</strong></span> <span class='ocrx_word' id='word_1_64' title='bbox 1804 1527 1984 1593; x_wconf 91' lang='lat' dir='ltr'><strong>unde</strong></span> <span class='ocrx_word' id='word_1_65' title='bbox 2024 1535 2184 1594; x_wconf 88' lang='lat' dir='ltr'><strong>sunt</strong></span> <span class='ocrx_word' id='word_1_66' title='bbox 2213 1529 2526 1615; x_wconf 78' lang='lat' dir='ltr'><strong>publica,</strong></span> 
     </span>
     <span class='ocr_line' id='line_1_10' title="bbox 274 1640 2382 1730; baseline -0 -22"><span class='ocrx_word' id='word_1_67' title='bbox 274 1652 425 1708; x_wconf 84' lang='lat' dir='ltr'><strong>tum</strong></span> <span class='ocrx_word' id='word_1_68' title='bbox 463 1642 546 1708; x_wconf 84' lang='lat' dir='ltr'><strong>ab</strong></span> <span class='ocrx_word' id='word_1_69' title='bbox 584 1641 723 1707; x_wconf 86' lang='lat' dir='ltr'><strong>illis</strong></span> <span class='ocrx_word' id='word_1_70' title='bbox 762 1640 1075 1706; x_wconf 87' lang='lat' dir='ltr'><strong>oratoriis</strong></span> <span class='ocrx_word' id='word_1_71' title='bbox 1114 1662 1264 1727; x_wconf 77' lang='lat' dir='ltr'><strong>quae</strong></span> <span class='ocrx_word' id='word_1_72' title='bbox 1302 1640 1373 1704; x_wconf 91' lang='lat' dir='ltr'><strong>in</strong></span> <span class='ocrx_word' id='word_1_73' title='bbox 1412 1640 1671 1706; x_wconf 75' lang='lat' dir='ltr'><strong>aedibus</strong></span> <span class='ocrx_word' id='word_1_74' title='bbox 1708 1641 2000 1730; x_wconf 89' lang='lat' dir='ltr'><strong>publicis</strong></span> <span class='ocrx_word' id='word_1_75' title='bbox 2037 1650 2382 1730; x_wconf 87' lang='lat' dir='ltr'><strong>parantur.</strong></span> 
     </span>
    </p>
   </div>
   <div class='ocr_carea' id='block_1_5' title="bbox 285 1953 2536 2110">
    <p class='ocr_par' dir='ltr' id='par_1_5' title="bbox 285 1953 2536 2110">
     <span class='ocr_line' id='line_1_11' title="bbox 285 1953 2536 2029; baseline 0.002 -17"><span class='ocrx_word' id='word_1_76' title='bbox 285 1954 323 2028; x_wconf 72' lang='lat' dir='ltr'>S</span> <span class='ocrx_word' id='word_1_77' title='bbox 358 1955 429 2012; x_wconf 88' lang='lat'><strong>2.</strong></span> <span class='ocrx_word' id='word_1_78' title='bbox 472 1955 578 2013; x_wconf 86' lang='lat' dir='ltr'><strong>De</strong></span> <span class='ocrx_word' id='word_1_79' title='bbox 618 1958 981 2028; x_wconf 80' lang='lat' dir='ltr'><strong>potestate</strong></span> <span class='ocrx_word' id='word_1_80' title='bbox 1028 1953 1363 2029; x_wconf 77' lang='lat' dir='ltr'><strong>episcopi</strong></span> <span class='ocrx_word' id='word_1_81' title='bbox 1403 1954 1610 2013; x_wconf 79' lang='lat' dir='ltr'><strong>circa</strong></span> <span class='ocrx_word' id='word_1_82' title='bbox 1647 1955 1904 2013; x_wconf 82' lang='lat' dir='ltr'><strong>mlssae</strong></span> <span class='ocrx_word' id='word_1_83' title='bbox 1950 1955 2536 2016; x_wconf 78' lang='lat' dir='ltr'><strong>celebrationem</strong></span> 
     </span>
     <span class='ocr_line' id='line_1_12' title="bbox 930 2049 1906 2110; baseline 0 -3"><span class='ocrx_word' id='word_1_84' title='bbox 930 2049 1009 2107; x_wconf 82' lang='lat' dir='ltr'><strong>ln</strong></span> <span class='ocrx_word' id='word_1_85' title='bbox 1048 2049 1406 2108; x_wconf 76' lang='lat' dir='ltr'><strong>oratoriis</strong></span> <span class='ocrx_word' id='word_1_86' title='bbox 1443 2051 1906 2110; x_wconf 78' lang='lat' dir='ltr'><strong>domesticis·</strong></span> 
     </span>
    </p>
   </div>
   <div class='ocr_carea' id='block_1_6' title="bbox 280 2277 2566 4195">
    <p class='ocr_par' dir='ltr' id='par_1_6' title="bbox 280 2277 2546 2689">
     <span class='ocr_line' id='line_1_13' title="bbox 380 2277 2542 2368; baseline 0.001 -21"><span class='ocrx_word' id='word_1_87' title='bbox 380 2277 518 2347; x_wconf 77' lang='lat'><strong>79.</strong></span> <span class='ocrx_word' id='word_1_88' title='bbox 564 2315 656 2326; x_wconf 90' lang='lat'>—</span> <span class='ocrx_word' id='word_1_89' title='bbox 692 2277 1059 2348; x_wconf 76' lang='lat' dir='ltr'><strong>Potestas</strong></span> <span class='ocrx_word' id='word_1_90' title='bbox 1115 2279 1472 2368; x_wconf 83' lang='lat' dir='ltr'><strong>episcopi</strong></span> <span class='ocrx_word' id='word_1_91' title='bbox 1518 2285 1704 2347; x_wconf 82' lang='lat' dir='ltr'><strong>ante</strong></span> <span class='ocrx_word' id='word_1_92' title='bbox 1751 2278 2181 2348; x_wconf 83' lang='lat' dir='ltr'><strong>concilium</strong></span> <span class='ocrx_word' id='word_1_93' title='bbox 2217 2280 2542 2350; x_wconf 80' lang='lat' dir='ltr'><strong>Triden-</strong></span> 
     </span>
     <span class='ocr_line' id='line_1_14' title="bbox 289 2393 2540 2484; baseline -0 -23"><span class='ocrx_word' id='word_1_94' title='bbox 289 2395 579 2461; x_wconf 81' lang='lat' dir='ltr'><strong>tinum.</strong></span> <span class='ocrx_word' id='word_1_95' title='bbox 609 2430 701 2441; x_wconf 92' lang='lat'>—</span> <span class='ocrx_word' id='word_1_96' title='bbox 727 2393 1054 2458; x_wconf 77' lang='lat' dir='ltr'><strong>Poterant</strong></span> <span class='ocrx_word' id='word_1_97' title='bbox 1091 2393 1402 2484; x_wconf 74' lang='lat' dir='ltr'><strong>episcopi,</strong></span> <span class='ocrx_word' id='word_1_98' title='bbox 1437 2400 1591 2457; x_wconf 88' lang='lat' dir='ltr'><strong>ante</strong></span> <span class='ocrx_word' id='word_1_99' title='bbox 1628 2393 1989 2458; x_wconf 83' lang='lat' dir='ltr'><strong>concilium</strong></span> <span class='ocrx_word' id='word_1_100' title='bbox 2029 2393 2087 2456; x_wconf 94' lang='lat' dir='ltr'><em>T</em></span> <span class='ocrx_word' id='word_1_101' title='bbox 2087 2393 2507 2459; x_wconf 83' lang='lat' dir='ltr'><strong>ridentinum</strong></span> <span class='ocrx_word' id='word_1_102' title='bbox 2519 2446 2540 2477; x_wconf 88' lang='lat'><em>,</em></span> 
     </span>
     <span class='ocr_line' id='line_1_15' title="bbox 280 2506 2546 2593; baseline 0.001 -21"><span class='ocrx_word' id='word_1_103' title='bbox 280 2507 683 2593; x_wconf 81' lang='lat' dir='ltr'><strong>permittere</strong></span> <span class='ocrx_word' id='word_1_104' title='bbox 724 2506 935 2573; x_wconf 76' lang='lat' dir='ltr'><strong>missae</strong></span> <span class='ocrx_word' id='word_1_105' title='bbox 977 2507 1493 2573; x_wconf 77' lang='lat' dir='ltr'><strong>celebrationem</strong></span> <span class='ocrx_word' id='word_1_106' title='bbox 1543 2508 1612 2571; x_wconf 89' lang='lat' dir='ltr'><strong>in</strong></span> <span class='ocrx_word' id='word_1_107' title='bbox 1657 2508 1976 2574; x_wconf 75' lang='lat' dir='ltr'><strong>oratoriis</strong></span> <span class='ocrx_word' id='word_1_108' title='bbox 2016 2508 2418 2575; x_wconf 73' lang='lat' dir='ltr'><strong>domesticis.</strong></span> <span class='ocrx_word' id='word_1_109' title='bbox 2458 2548 2546 2559; x_wconf 93' lang='lat'><strong>—</strong></span> 
     </span>
     <span class='ocr_line' id='line_1_16' title="bbox 295 2622 636 2689; baseline -0.003 0"><span class='ocrx_word' id='word_1_110' title='bbox 295 2622 588 2689; x_wconf 80' lang='lat' dir='ltr'><strong>Constat</strong></span> <span class='ocrx_word' id='word_1_111' title='bbox 621 2641 636 2688; x_wconf 74' lang='grc' dir='ltr'>ε</span> 
     </span>
    </p>

    <p class='ocr_par' dir='ltr' id='par_1_7' title="bbox 298 2735 2563 3851">
     <span class='ocr_line' id='line_1_17' title="bbox 386 2735 2551 2827; baseline 0.001 -26"><span class='ocrx_word' id='word_1_112' title='bbox 386 2740 463 2801; x_wconf 79' lang='grc'><strong>10</strong></span> <span class='ocrx_word' id='word_1_113' title='bbox 489 2735 912 2817; x_wconf 85' lang='lat' dir='ltr'><strong>Clarissime‚</strong></span> <span class='ocrx_word' id='word_1_114' title='bbox 949 2760 1035 2801; x_wconf 85' lang='lat' dir='ltr'><strong>ex</strong></span> <span class='ocrx_word' id='word_1_115' title='bbox 1073 2759 1220 2824; x_wconf 80' lang='lat' dir='ltr'><strong>cap.</strong></span> <span class='ocrx_word' id='word_1_116' title='bbox 1253 2737 1337 2800; x_wconf 90' lang='lat' dir='ltr'><strong>In</strong></span> <span class='ocrx_word' id='word_1_117' title='bbox 1380 2737 1517 2819; x_wconf 75' lang='lat' dir='ltr'><strong>his,</strong></span> <span class='ocrx_word' id='word_1_118' title='bbox 1553 2737 1673 2820; x_wconf 88' lang='grc'><strong>30,</strong></span> <span class='ocrx_word' id='word_1_119' title='bbox 1720 2736 1822 2801; x_wconf 76' lang='grc' dir='ltr'><strong>ΒΕ</strong></span> <span class='ocrx_word' id='word_1_120' title='bbox 1861 2756 2267 2819; x_wconf 77' lang='lat' dir='ltr'>PRWILEGHS,</span> <span class='ocrx_word' id='word_1_121' title='bbox 2307 2737 2376 2801; x_wconf 89' lang='lat' dir='ltr'><strong>in</strong></span> <span class='ocrx_word' id='word_1_122' title='bbox 2417 2760 2551 2827; x_wconf 91' lang='lat' dir='ltr'><strong>quo</strong></span> 
     </span>
     <span class='ocr_line' id='line_1_18' title="bbox 298 2849 2549 2941; baseline 0 -25"><span class='ocrx_word' id='word_1_123' title='bbox 298 2851 501 2917; x_wconf 86' lang='lat' dir='ltr'><strong>docet</strong></span> <span class='ocrx_word' id='word_1_124' title='bbox 538 2850 882 2916; x_wconf 90' lang='lat' dir='ltr'><strong>Honorius</strong></span> <span class='ocrx_word' id='word_1_125' title='bbox 923 2850 1017 2915; x_wconf 91' lang='grc' dir='ltr'><strong>ΙΙΙ</strong></span> <span class='ocrx_word' id='word_1_126' title='bbox 1056 2850 1301 2915; x_wconf 82' lang='lat' dir='ltr'><strong>fratres</strong></span> <span class='ocrx_word' id='word_1_127' title='bbox 1342 2849 1828 2915; x_wconf 76' lang='lat' dir='ltr'><strong>praedicatores</strong></span> <span class='ocrx_word' id='word_1_128' title='bbox 1867 2858 1937 2916; x_wconf 86' lang='lat' dir='ltr'><strong>et</strong></span> <span class='ocrx_word' id='word_1_129' title='bbox 1973 2850 2276 2917; x_wconf 86' lang='lat' dir='ltr'><strong>Minores</strong></span> <span class='ocrx_word' id='word_1_130' title='bbox 2314 2874 2549 2941; x_wconf 88' lang='lat' dir='ltr'><strong>posse,</strong></span> 
     </span>
     <span class='ocr_line' id='line_1_19' title="bbox 298 2963 2556 3053; baseline 0.001 -24"><span class='ocrx_word' id='word_1_131' title='bbox 298 2964 367 3030; x_wconf 80' lang='lat' dir='ltr'><strong>vi</strong></span> <span class='ocrx_word' id='word_1_132' title='bbox 393 2964 737 3053; x_wconf 83' lang='lat' dir='ltr'><strong>privilegii</strong></span> <span class='ocrx_word' id='word_1_133' title='bbox 766 2988 805 3030; x_wconf 92' lang='lat' dir='ltr'><strong>a</strong></span> <span class='ocrx_word' id='word_1_134' title='bbox 835 2964 1007 3030; x_wconf 87' lang='lat' dir='ltr'><strong>Sede</strong></span> <span class='ocrx_word' id='word_1_135' title='bbox 1036 2964 1434 3053; x_wconf 79' lang='lat' dir='ltr'><strong>Apostolica</strong></span> <span class='ocrx_word' id='word_1_136' title='bbox 1462 2964 1747 3053; x_wconf 85' lang='lat' dir='ltr'><strong>accepti,</strong></span> <span class='ocrx_word' id='word_1_137' title='bbox 1777 2963 2116 3031; x_wconf 86' lang='lat' dir='ltr'><strong>celebrare</strong></span> <span class='ocrx_word' id='word_1_138' title='bbox 2143 2964 2556 3053; x_wconf 87' lang='lat' dir='ltr'><strong>ubicumque</strong></span> 
     </span>
     <span class='ocr_line' id='line_1_20' title="bbox 302 3077 2560 3168; baseline 0.001 -26"><span class='ocrx_word' id='word_1_139' title='bbox 302 3079 369 3143; x_wconf 90' lang='lat' dir='ltr'><strong>in</strong></span> <span class='ocrx_word' id='word_1_140' title='bbox 438 3079 637 3145; x_wconf 87' lang='lat' dir='ltr'><strong>altari</strong></span> <span class='ocrx_word' id='word_1_141' title='bbox 710 3078 985 3158; x_wconf 85' lang='lat' dir='ltr'><strong>viatico,</strong></span> <span class='ocrx_word' id='word_1_142' title='bbox 1058 3079 1222 3166; x_wconf 89' lang='lat' dir='ltr'><strong>quin</strong></span> <span class='ocrx_word' id='word_1_143' title='bbox 1298 3077 1575 3143; x_wconf 81' lang='lat' dir='ltr'><strong>accedat</strong></span> <span class='ocrx_word' id='word_1_144' title='bbox 1651 3077 1926 3144; x_wconf 86' lang='lat' dir='ltr'><strong>licentia</strong></span> <span class='ocrx_word' id='word_1_145' title='bbox 2000 3080 2327 3168; x_wconf 88' lang='lat' dir='ltr'><strong>episcopi,</strong></span> <span class='ocrx_word' id='word_1_146' title='bbox 2399 3078 2560 3168; x_wconf 83' lang='lat' dir='ltr'><strong>quia</strong></span> 
     </span>
     <span class='ocr_line' id='line_1_21' title="bbox 304 3192 2558 3281; baseline 0 -24"><span class='ocrx_word' id='word_1_147' title='bbox 304 3216 571 3281; x_wconf 90' lang='lat' dir='ltr'><strong>nempe,</strong></span> <span class='ocrx_word' id='word_1_148' title='bbox 615 3194 733 3271; x_wconf 81' lang='lat' dir='ltr'><strong>ait,</strong></span> <span class='ocrx_word' id='word_1_149' title='bbox 768 3192 936 3257; x_wconf 87' lang='lat' dir='ltr'><strong>alias</strong></span> <span class='ocrx_word' id='word_1_150' title='bbox 974 3215 1250 3279; x_wconf 90' lang='lat' dir='ltr'><strong>prorsus</strong></span> <span class='ocrx_word' id='word_1_151' title='bbox 1288 3192 1424 3256; x_wconf 87' lang='lat' dir='ltr'><strong>illis</strong></span> <span class='ocrx_word' id='word_1_152' title='bbox 1464 3193 1728 3258; x_wconf 85' lang='lat' dir='ltr'><strong>inutilis</strong></span> <span class='ocrx_word' id='word_1_153' title='bbox 1767 3200 1948 3258; x_wconf 88' lang='lat' dir='ltr'><strong>esset</strong></span> <span class='ocrx_word' id='word_1_154' title='bbox 1975 3192 2250 3258; x_wconf 86' lang='lat' dir='ltr'><strong>licentia</strong></span> <span class='ocrx_word' id='word_1_155' title='bbox 2287 3199 2558 3281; x_wconf 86' lang='lat' dir='ltr'><strong>aposto-</strong></span> 
     </span>
     <span class='ocr_line' id='line_1_22' title="bbox 302 3304 2559 3393; baseline -0.002 -24"><span class='ocrx_word' id='word_1_156' title='bbox 302 3304 467 3387; x_wconf 89' lang='lat' dir='ltr'><strong>lica,</strong></span> <span class='ocrx_word' id='word_1_157' title='bbox 512 3333 543 3365; x_wconf 92' lang='lat'>«</span> <span class='ocrx_word' id='word_1_158' title='bbox 581 3306 725 3371; x_wconf 89' lang='lat' dir='ltr'><strong>sine</strong></span> <span class='ocrx_word' id='word_1_159' title='bbox 764 3328 920 3393; x_wconf 85' lang='lat' dir='ltr'><strong>qua,</strong></span> <span class='ocrx_word' id='word_1_160' title='bbox 956 3306 1050 3389; x_wconf 85' lang='lat' dir='ltr'><strong>id,</strong></span> <span class='ocrx_word' id='word_1_161' title='bbox 1084 3306 1390 3391; x_wconf 79' lang='lat' dir='ltr'><strong>praelatis</strong></span> <span class='ocrx_word' id='word_1_162' title='bbox 1428 3308 1883 3371; x_wconf 79' lang='lat' dir='ltr'><strong>annuentibus</strong></span> <span class='ocrx_word' id='word_1_163' title='bbox 1893 3356 1914 3388; x_wconf 88' lang='lat'><em>,</em></span> <span class='ocrx_word' id='word_1_164' title='bbox 1952 3306 2178 3370; x_wconf 82' lang='lat' dir='ltr'><strong>liceret</strong></span> <span class='ocrx_word' id='word_1_165' title='bbox 2215 3306 2483 3370; x_wconf 71' lang='lat' dir='ltr'><strong>eisdem.</strong></span> <span class='ocrx_word' id='word_1_166' title='bbox 2526 3332 2559 3366; x_wconf 86' lang='grc'><em>»</em></span> 
     </span>
     <span class='ocr_line' id='line_1_23' title="bbox 308 3419 2560 3508; baseline 0 -23"><span class='ocrx_word' id='word_1_167' title='bbox 308 3420 521 3508; x_wconf 87' lang='lat' dir='ltr'><strong>Ergo,</strong></span> <span class='ocrx_word' id='word_1_168' title='bbox 577 3419 664 3485; x_wconf 88' lang='lat' dir='ltr'><strong>ad</strong></span> <span class='ocrx_word' id='word_1_169' title='bbox 717 3426 961 3486; x_wconf 83' lang='lat' dir='ltr'><strong>nutum</strong></span> <span class='ocrx_word' id='word_1_170' title='bbox 1009 3420 1513 3508; x_wconf 89' lang='lat' dir='ltr'><strong>episcoporum,</strong></span> <span class='ocrx_word' id='word_1_171' title='bbox 1569 3426 1884 3508; x_wconf 85' lang='lat' dir='ltr'><strong>poterant</strong></span> <span class='ocrx_word' id='word_1_172' title='bbox 1939 3419 2324 3485; x_wconf 80' lang='lat' dir='ltr'><strong>sacerdotes</strong></span> <span class='ocrx_word' id='word_1_173' title='bbox 2384 3419 2560 3486; x_wconf 89' lang='lat' dir='ltr'><strong>cele-</strong></span> 
     </span>
     <span class='ocr_line' id='line_1_24' title="bbox 306 3532 2560 3623; baseline 0 -25"><span class='ocrx_word' id='word_1_174' title='bbox 306 3533 501 3600; x_wconf 86' lang='lat' dir='ltr'><strong>brare</strong></span> <span class='ocrx_word' id='word_1_175' title='bbox 556 3534 627 3599; x_wconf 88' lang='lat' dir='ltr'><strong>in</strong></span> <span class='ocrx_word' id='word_1_176' title='bbox 675 3534 873 3601; x_wconf 86' lang='lat' dir='ltr'><strong>altari</strong></span> <span class='ocrx_word' id='word_1_177' title='bbox 927 3533 1232 3623; x_wconf 85' lang='lat' dir='ltr'><strong>portatili</strong></span> <span class='ocrx_word' id='word_1_178' title='bbox 1285 3532 1730 3622; x_wconf 89' lang='lat' dir='ltr'><strong>ubicumque,</strong></span> <span class='ocrx_word' id='word_1_179' title='bbox 1784 3540 1853 3599; x_wconf 92' lang='lat' dir='ltr'><strong>et</strong></span> <span class='ocrx_word' id='word_1_180' title='bbox 1898 3533 2183 3622; x_wconf 85' lang='lat' dir='ltr'><strong>proinde</strong></span> <span class='ocrx_word' id='word_1_181' title='bbox 2231 3533 2436 3599; x_wconf 86' lang='lat' dir='ltr'><strong>etiam</strong></span> <span class='ocrx_word' id='word_1_182' title='bbox 2491 3534 2560 3598; x_wconf 90' lang='lat' dir='ltr'><strong>in</strong></span> 
     </span>
     <span class='ocr_line' id='line_1_25' title="bbox 311 3648 2563 3737; baseline -0 -24"><span class='ocrx_word' id='word_1_183' title='bbox 311 3648 620 3714; x_wconf 81' lang='lat' dir='ltr'><strong>oratoriis</strong></span> <span class='ocrx_word' id='word_1_184' title='bbox 679 3648 1094 3715; x_wconf 80' lang='lat' dir='ltr'><strong>domesticis,</strong></span> <span class='ocrx_word' id='word_1_185' title='bbox 1157 3687 1245 3698; x_wconf 89' lang='lat'>—</span> <span class='ocrx_word' id='word_1_186' title='bbox 1309 3648 1477 3728; x_wconf 85' lang='lat' dir='ltr'><strong>Quae</strong></span> <span class='ocrx_word' id='word_1_187' title='bbox 1536 3654 1842 3735; x_wconf 87' lang='lat' dir='ltr'><strong>potestas</strong></span> <span class='ocrx_word' id='word_1_188' title='bbox 1901 3648 2415 3737; x_wconf 81' lang='lat' dir='ltr'><strong>episcoporum,</strong></span> <span class='ocrx_word' id='word_1_189' title='bbox 2485 3653 2563 3712; x_wconf 88' lang='lat' dir='ltr'><strong>ut</strong></span> 
     </span>
     <span class='ocr_line' id='line_1_26' title="bbox 311 3762 1869 3851; baseline -0.002 -22"><span class='ocrx_word' id='word_1_190' title='bbox 311 3786 394 3829; x_wconf 84' lang='lat' dir='ltr'><strong>ex</strong></span> <span class='ocrx_word' id='word_1_191' title='bbox 432 3764 672 3830; x_wconf 89' lang='lat' dir='ltr'><strong>eodem</strong></span> <span class='ocrx_word' id='word_1_192' title='bbox 709 3770 905 3830; x_wconf 84' lang='lat' dir='ltr'><strong>textu</strong></span> <span class='ocrx_word' id='word_1_193' title='bbox 942 3763 1273 3851; x_wconf 89' lang='lat' dir='ltr'><strong>sequitur,</strong></span> <span class='ocrx_word' id='word_1_194' title='bbox 1317 3768 1460 3828; x_wconf 82' lang='lat' dir='ltr'><strong>erat</strong></span> <span class='ocrx_word' id='word_1_195' title='bbox 1497 3762 1869 3828; x_wconf 83' lang='lat' dir='ltr'><strong>ordinaria.</strong></span> 
     </span>
    </p>

    <p class='ocr_par' dir='ltr' id='par_1_8' title="bbox 398 3877 2081 3965">
     <span class='ocr_line' id='line_1_27' title="bbox 398 3877 2081 3965; baseline 0.001 -23"><span class='ocrx_word' id='word_1_196' title='bbox 398 3879 472 3942; x_wconf 84' lang='lat'><strong>20</strong></span> <span class='ocrx_word' id='word_1_197' title='bbox 509 3878 879 3965; x_wconf 76' lang='lat' dir='ltr'><strong>Disciplina</strong></span> <span class='ocrx_word' id='word_1_198' title='bbox 918 3878 1179 3964; x_wconf 74' lang='lat' dir='ltr'><strong>viqente</strong></span> <span class='ocrx_word' id='word_1_199' title='bbox 1218 3884 1356 3942; x_wconf 84' lang='lat' dir='ltr'><strong>tota</strong></span> <span class='ocrx_word' id='word_1_200' title='bbox 1396 3884 1580 3942; x_wconf 80' lang='lat' dir='ltr'><strong>retro</strong></span> <span class='ocrx_word' id='word_1_201' title='bbox 1619 3877 2026 3964; x_wconf 79' lang='lat' dir='ltr'><strong>antiquitate</strong></span> <span class='ocrx_word' id='word_1_202' title='bbox 2057 3898 2081 3943; x_wconf 87' lang='lat'><strong>.·</strong></span> 
     </span>
    </p>

    <p class='ocr_par' dir='ltr' id='par_1_9' title="bbox 315 3989 2566 4195">
     <span class='ocr_line' id='line_1_28' title="bbox 398 3989 2566 4059; baseline -0.001 -2"><span class='ocrx_word' id='word_1_203' title='bbox 398 4015 461 4057; x_wconf 83' lang='lat' dir='ltr'><strong>a.</strong></span> <span class='ocrx_word' id='word_1_204' title='bbox 504 3993 691 4059; x_wconf 90' lang='lat' dir='ltr'><strong>Ante</strong></span> <span class='ocrx_word' id='word_1_205' title='bbox 738 3992 1063 4059; x_wconf 84' lang='lat' dir='ltr'><strong>saeculum</strong></span> <span class='ocrx_word' id='word_1_206' title='bbox 1110 4012 1181 4057; x_wconf 81' lang='lat' dir='ltr'><strong>lx</strong></span> <span class='ocrx_word' id='word_1_207' title='bbox 1227 3991 1521 4057; x_wconf 86' lang='lat' dir='ltr'><strong>oratoria</strong></span> <span class='ocrx_word' id='word_1_208' title='bbox 1568 3990 1777 4056; x_wconf 84' lang='lat' dir='ltr'><strong>etiam</strong></span> <span class='ocrx_word' id='word_1_209' title='bbox 1830 3990 2196 4057; x_wconf 87' lang='lat' dir='ltr'><strong>domestica</strong></span> <span class='ocrx_word' id='word_1_210' title='bbox 2253 3989 2566 4056; x_wconf 91' lang='lat' dir='ltr'><strong>solebant</strong></span> 
     </span>
     <span class='ocr_line' id='line_1_29' title="bbox 315 4103 2566 4195; baseline -0.003 -22"><span class='ocrx_word' id='word_1_211' title='bbox 315 4108 690 4173; x_wconf 86' lang='lat' dir='ltr'><strong>consecrari</strong></span> <span class='ocrx_word' id='word_1_212' title='bbox 714 4110 773 4187; x_wconf 81' lang='lat'><strong>¹3</strong></span> <span class='ocrx_word' id='word_1_213' title='bbox 817 4129 1016 4195; x_wconf 90' lang='lat' dir='ltr'><strong>porro</strong></span> <span class='ocrx_word' id='word_1_214' title='bbox 1065 4106 1209 4171; x_wconf 80' lang='lat' dir='ltr'><strong>haec</strong></span> <span class='ocrx_word' id='word_1_215' title='bbox 1256 4104 1710 4186; x_wconf 82' lang='lat' dir='ltr'><strong>consecratiO,</strong></span> <span class='ocrx_word' id='word_1_216' title='bbox 1764 4127 1913 4193; x_wconf 84' lang='lat' dir='ltr'><strong>quoe</strong></span> <span class='ocrx_word' id='word_1_217' title='bbox 1960 4104 2195 4192; x_wconf 83' lang='lat' dir='ltr'><strong>peragi</strong></span> <span class='ocrx_word' id='word_1_218' title='bbox 2239 4103 2566 4193; x_wconf 86' lang='lat' dir='ltr'><strong>nequibat</strong></span> 
     </span>
    </p>
   </div>
   <div class='ocr_carea' id='block_1_7' title="bbox 379 4282 2284 4435">
    <p class='ocr_par' dir='ltr' id='par_1_10' title="bbox 379 4282 2284 4435">
     <span class='ocr_line' id='line_1_30' title="bbox 379 4282 1675 4348; baseline -0.004 -12"><span class='ocrx_word' id='word_1_219' title='bbox 379 4287 397 4319; x_wconf 90' lang='lat'><strong>¹</strong></span> <span class='ocrx_word' id='word_1_220' title='bbox 434 4286 510 4336; x_wconf 88' lang='lat' dir='ltr'><strong>Ut</strong></span> <span class='ocrx_word' id='word_1_221' title='bbox 538 4287 645 4335; x_wconf 79' lang='lat' dir='ltr'><strong>late</strong></span> <span class='ocrx_word' id='word_1_222' title='bbox 675 4284 901 4348; x_wconf 82' lang='lat' dir='ltr'><strong>exponit</strong></span> <span class='ocrx_word' id='word_1_223' title='bbox 927 4284 1202 4343; x_wconf 81' lang='lat' dir='ltr'><strong>Gatticus‚</strong></span> <span class='ocrx_word' id='word_1_224' title='bbox 1236 4283 1334 4333; x_wconf 82' lang='lat' dir='ltr'><strong>loc.</strong></span> <span class='ocrx_word' id='word_1_225' title='bbox 1364 4282 1476 4339; x_wconf 71' lang='lat' dir='ltr'><strong>cit„</strong></span> <span class='ocrx_word' id='word_1_226' title='bbox 1509 4298 1555 4331; x_wconf 93' lang='lat' dir='ltr'><strong>c.</strong></span> <span class='ocrx_word' id='word_1_227' title='bbox 1586 4298 1675 4331; x_wconf 70' lang='grc' dir='ltr'><strong>κη.</strong></span> 
     </span>
     <span class='ocr_line' id='line_1_31' title="bbox 503 4376 2284 4435; baseline -0.003 0"><span class='ocrx_word' id='word_1_228' title='bbox 503 4400 645 4435; x_wconf 65' lang='lat' dir='ltr'><strong>nocis</strong></span> <span class='ocrx_word' id='word_1_229' title='bbox 672 4398 867 4434; x_wconf 65' lang='lat' dir='ltr'><strong>uenis.</strong></span> <span class='ocrx_word' id='word_1_230' title='bbox 2217 4376 2284 4429; x_wconf 85' lang='lat'><strong>10</strong></span> 
     </span>
    </p>
   </div>
  </div>
 </body>
</html>
