3192 5025
1149 511 1238 560 DE
1275 510 1707 562 COEMETERIIS
2454 509 2554 562 241

301 657 341 721 5
384 679 542 742 aug.
593 654 764 722 1898
799 673 815 721 :
861 683 892 716 «
931 655 1002 721 S.
1045 655 1188 720 Rit.
1234 654 1488 741 Congr.
1532 653 1903 720 declaravit
1954 663 2089 720 tre-3
2125 655 2387 720 cubitos
2425 678 2559 721 esse

299 774 454 854 sere
514 792 730 834 unum
789 777 1086 833 metrum
1146 769 1627 854 lonqiturhnis,
1680 777 1885 856 atque
1944 770 2119 834 hanc
2164 771 2560 835 distantiam

297 883 778 968 sepulcrorum
816 884 904 948 ab
940 883 1148 948 altari
1183 885 1564 969 sufficere¹.
1610 911 1644 945 ›>
1682 883 1877 949 Unde
1919 883 2281 970 requiritur
2318 890 2388 948 et
2425 883 2561 949 suf-

301 997 448 1061 ficit
487 1003 564 1062 ut
593 1020 812 1085 capsae
851 997 1258 1063 cadaverum
1290 997 1548 1063 distent
1586 998 1675 1062 ab
1712 998 1920 1062 altari
1962 1018 2094 1061 uno
2126 1005 2366 1081 metro,
2399 998 2561 1064 lieet

301 1109 537 1174 forsan
590 1111 735 1199 ipse
791 1111 1145 1198 ingressus
1202 1110 1628 1174 monumenti
1677 1110 2075 1199 sepulcralis
2123 1112 2397 1199 propior
2442 1113 2555 1179 sit.

305 1225 392 1290 Et
432 1225 543 1290 hic
582 1232 688 1290 est
725 1233 944 1290 status
985 1225 1352 1291 hodiernus
1381 1224 1959 1313 jurisprudentia».

393 1340 465 1404 d.
503 1339 758 1405 Sedulo
798 1340 1174 1405 notandum
1214 1345 1318 1404 est
1357 1339 1568 1404 altare
1602 1361 1733 1404 non
1766 1343 2123 1426 exsecrari,
2160 1365 2243 1405 ex
2272 1365 2351 1406 eo
2381 1343 2563 1430 quod

303 1452 434 1516 sub
477 1454 623 1541 ipso
664 1460 783 1518 aut
819 1476 1028 1542 prope
1077 1453 1300 1541 ipsum
1341 1453 1766 1542 sepeliuntur
1804 1454 2161 1535 cadavera;
2207 1479 2343 1520 non
2383 1455 2565 1519 enim

301 1566 450 1632 haec
481 1575 586 1633 est
616 1567 1098 1632 exsecrationis
1130 1590 1334 1632 causa
1363 1591 1400 1631 a
1423 1567 1577 1654 jure
1609 1567 1931 1656 praevisa3
1972 1569 2159 1652 item,
2195 1576 2263 1634 et
2292 1575 2566 1657 propter

303 1683 620 1747 eamdem
658 1705 957 1765 causam,
1001 1682 1212 1747 altare
1253 1705 1332 1747 eo
1373 1683 1520 1771 ipso
1561 1705 1695 1748 non
1725 1684 1951 1770 pollui
1964 1703 1994 1768 ‚·
2032 1684 2153 1748 sed
2190 1684 2383 1748 adest
2420 1691 2565 1748 tan-

305 1803 457 1863 tum
509 1797 790 1863 violatio
843 1798 1072 1885 legum
1113 1797 1436 1863 Ecclesiae
1489 1799 1665 1863 eirca
1723 1798 2037 1864 altarium
2091 1799 2559 1881 sanctitatem;

303 1911 490 1976 unde
528 1917 758 2001 potest
793 1911 1071 1999 quidem
1118 1911 1476 1999 episcopus
1524 1909 1883 1976 interdicto
1934 1910 2263 1999 subjicere
2312 1910 2524 1975 altare
2548 1961 2561 1988 ‚

305 2047 449 2088 non
479 2048 641 2089 vero
679 2025 950 2090 videtur
977 2024 1398 2112 prohibitum
1439 2023 1507 2086 in
1547 2023 1667 2087 illo
1707 2022 2071 2105 celebrare,
2106 2024 2321 2090 donec
2350 2023 2567 2090 latum

307 2137 514 2202 fuerit
552 2138 1013 2203 interdictum.

399 2275 460 2318 e.
496 2249 784 2330 Quando
823 2258 1344 2316 monumentum
1383 2249 1759 2339 sepulcrale
1800 2257 1905 2315 est
1943 2250 2217 2339 quidem
2257 2249 2569 2316 materia-

302 2367 470 2431 liter
507 2365 634 2431 sub
674 2365 896 2447 altari,
931 2364 1053 2430 sed
1090 2363 1174 2430 ab
1215 2388 1292 2428 eo
1333 2370 1721 2453 separatum
1750 2387 1872 2451 per
1908 2387 2247 2429 cameram
2278 2363 2565 2452 (voute),
2596 2431 2607 2442 ,

306 2503 452 2547 non
491 2479 900 2567 intelligitur
929 2477 1380 2568 prohibitum3
1415 2500 1766 2566 nunquam
1805 2478 1987 2543 enim
2015 2476 2371 2567 prohibitae
2411 2483 2572 2542 sunt

307 2602 570 2683 cryptae
626 2594 978 2659 inferiores
1034 2592 1121 2658 ad
1176 2593 1528 2658 condenda
1585 2593 1936 2660 cadavera.
2000 2593 2087 2657 Et
2143 2591 2237 2657 ita
2295 2592 2365 2659 S.
2425 2592 2565 2658 Rit.

311 2710 600 2795 Congr.,
660 2708 730 2771 in
781 2707 1143 2790 Senonen.,
1203 2706 1287 2773 27
1334 2706 1492 2793 julii
1547 2706 1745 2787 1878,
1797 2706 1884 2770 ad
1930 2707 2037 2789 2³,
2083 2712 2149 2771 et
2190 2706 2259 2770 in
2307 2728 2443 2770 una
2490 2706 2571 2771 de

313 2822 689 2899 Queretaro
730 2822 836 2909 (in
885 2821 1142 2887 ditione
1181 2818 1601 2908 Mexicana)‚
1650 2819 1731 2884 18
1763 2820 1921 2907 julii
1962 2818 2169 2901 1902,
2212 2818 2298 2885 ad
2338 2820 2415 2903 6,
2454 2818 2573 2885 ubi

308 2936 604 3003 remittit
643 2936 730 3001 ad
767 2936 1019 3002 dictam
1049 2935 1379 3001 Senonen.
1417 2935 1462 3000 ³.

658 3247 697 3319 5
737 3247 806 3303 2.
849 3246 954 3302 De
996 3243 1518 3302 benedictione
1557 3246 1631 3299 et
1669 3242 2241 3301 consecratione

1129 3340 1760 3398 coemeterlorum.

412 3564 603 3632 143.
653 3600 741 3613 —
787 3564 1235 3632 Necessitas
1282 3560 1865 3630 benedictionis
1912 3556 2573 3627 eoemeteriorum.

405 3676 479 3745 1⁰
524 3678 946 3763 Praeceptum
994 3676 1426 3740 benedicendi
1472 3674 1949 3739 coemeterium.
1998 3710 2081 3723 —
2136 3672 2227 3736 Ut
2274 3679 2573 3736 coemete-

315 3793 508 3857 rium
546 3791 860 3856 adhiberi
908 3791 1125 3876 possit
1177 3790 1265 3854 ad
1311 3789 1738 3874 sepulturam
1788 3787 2133 3872 fidelium,
2191 3786 2576 3872 requiritur

312 4004 388 4054 tit
424 4004 482 4051 in
531 4000 732 4059 Vicen„
772 4006 832 4049 30
869 4014 993 4064 eug.
1033 4006 1180 4059 1901,
1221 4000 1290 4047 ad
1327 4005 1354 4047 2
1397 3998 1562 4063 (Acta
1604 3999 1655 4047 S.
1695 3997 1873 4057 Sedis,
1923 4000 1964 4047 t.
2006 4010 2184 4055 xxxiv,
2220 4012 2275 4059 p.
2319 4002 2447 4055 ³¹33
2486 3995 2575 4044 vel

311 4080 642 4138 Carioni-ste,
676 4084 714 4130 t.
747 4095 870 4139 xxv,
899 4095 984 4129 an.
1017 4084 1164 4137 1902,
1197 4094 1250 4141 p.
1279 4078 1386 4139 52).

381 4162 398 4195 ¹
436 4162 574 4209 Acta
599 4160 653 4208 S.
682 4157 866 4217 Sedis,
889 4162 930 4207 t.
963 4174 1110 4217 xxxx,
1141 4172 1195 4219 p.
1228 4162 1338 4204 316.

379 4238 404 4273 ²
435 4238 664 4288 Decreta
693 4238 866 4295 auth„
899 4253 952 4286 n.
984 4240 1132 4295 3460,
1165 4238 1205 4284 t.
1233 4250 1316 4293 m,
1348 4250 1402 4297 p.
1433 4238 1510 4282 96.

381 4318 404 4354 ⁸
437 4317 574 4367 Acta
600 4318 652 4367 S.
682 4316 860 4373 Sedis,
893 4319 936 4364 t.
965 4330 1126 4376 xxxv,
1159 4328 1210 4376 p.
1244 4318 1359 4363 109.

507 4430 648 4466 meis
681 4428 876 4465 sxcms.
2224 4405 2287 4457 16
