3192 5025
501 527 592 577 DE
627 526 1178 578 CONSECRATIONE
1216 527 1298 577 ET
1337 525 1823 576 BENEDICTIONE
1862 524 2320 575 ECCLESIARUM
2472 521 2543 576 43

285 670 416 736 alia
498 669 934 758 particularia
1015 670 1289 734 decreta
1323 673 1368 750 ¹,
1464 669 1747 757 praefato
1848 670 2112 732 decreto
2202 667 2538 752 {senet-ali,

285 808 395 850 an.
446 783 654 866 1895,
696 806 764 848 n.
821 782 860 846 4
897 803 912 850 :
974 809 1007 844 α
1050 783 1164 847 Ad
1213 783 1753 847 anniversarium
1793 790 2021 847 autem
2059 781 2242 869 quod
2282 787 2544 869 spectat

282 897 737 962 dedicationis
786 895 1193 962 cathedralis
1241 895 1575 978 ecclesiae,
1631 894 1701 961 S.
1755 895 1895 961 Rit.
1942 895 2194 981 Congr.
2232 892 2430 981 jubet
2464 901 2545 958 ut

281 1010 456 1074 illud
507 1009 890 1075 celebretur
941 1009 1026 1074 ab
1077 1009 1400 1074 universo
1454 1008 1636 1074 clero
1690 1007 1998 1074 saeculari
2048 1007 2363 1072 dioecesis
2416 1006 2543 1071 sub

281 1124 417 1188 ritu
485 1122 744 1211 duplici
809 1122 1044 1211 primae
1120 1121 1394 1204 classiS,
1467 1122 1536 1186 in
1605 1121 1881 1187 civitate
1956 1121 2321 1208 episcopali
2366 1142 2543 1184 cum

279 1241 559 1314 octava,
613 1242 805 1299 extra
856 1257 1019 1299 vero
1073 1235 1220 1300 sine
1271 1242 1535 1300 octava.
1592 1234 2087 1300 Ideml'estum
2138 1234 2442 1298 recolent
2497 1232 2543 1295 ii

276 1353 554 1413 tantum
594 1370 680 1411 ex
717 1347 895 1412 clero
935 1347 1232 1434 regulari
1268 1348 1386 1435 qui
1425 1349 1495 1411 in
1535 1347 1813 1412 civitate
1850 1346 2111 1434 degunt
2148 1345 2538 1435 episcopali.

279 1461 410 1526 sub
449 1461 587 1526 ritu
626 1460 881 1549 duplici
918 1460 1235 1526 secundae
1274 1459 1514 1526 classis
1554 1462 1699 1525 sine
1739 1467 2003 1527 octava.
2064 1487 2095 1522 »

371 1575 456 1639 D.
503 1572 792 1654 Quando
830 1573 1035 1639 alicui
1072 1573 1372 1655 dioecesi,
1415 1573 1528 1639 vel
1566 1574 1789 1638 ordini
1826 1573 2151 1662 regulari,
2196 1579 2313 1639 aut
2352 1573 2544 1638 insti-

279 1695 462 1769 tute,
507 1710 908 1752 concessum
955 1693 1062 1752 est
1107 1687 1448 1753 celebrare
1486 1710 1625 1752 uno
1666 1686 2039 1776 eodemque
2080 1687 2188 1752 die
2226 1689 2544 1753 anniver-

277 1802 536 1867 sarium
566 1801 1012 1866 dedicationis
1051 1801 1355 1866 omnium
1395 1801 1833 1866 ecclesiarum
1862 1801 2175 1866 dioecesis
2210 1808 2331 1867 aut
2368 1801 2544 1866 ordi-

280 1917 388 1979 nis
454 1921 572 1979 aut
647 1915 978 1996 instituti,
1045 1914 1367 1980 standum
1442 1922 1546 1979 est
1612 1914 1858 1980 iterum
1927 1914 2209 2002 praefato
2280 1916 2543 1979 decreto

276 2029 608 2114 qenerali,
652 2050 722 2094 n.
768 2029 806 2094 3
839 2047 856 2093 t
904 2054 938 2088 «
982 2026 1182 2107 Quod
1221 2027 1279 2092 si
1317 2027 1517 2093 alicui
1557 2026 1836 2093 dioecesi
1873 2027 1984 2092 vel
2022 2028 2336 2094 instituto
2384 2032 2543 2093 con-

279 2164 552 2207 cessum
592 2141 682 2206 sit
710 2141 1250 2206 anniversarium
1281 2140 1731 2206 dedicationis
1769 2141 2073 2205 omnium
2105 2142 2542 2207 ecclesiarum

235 2278 416 2320 -uno
455 2254 834 2342 eodemque
873 2254 982 2320 die
1021 2253 1394 2336 celebrare,
1438 2277 1677 2319 omnes
1717 2261 1786 2320 et
1832 2253 2087 2342 singuli
2127 2255 2207 2319 de
2256 2255 2542 2321 relativo

278 2368 492 2450 clere,
539 2367 789 2456 quibus
835 2367 1180 2433 indultum
1231 2367 1444 2449 favet,
1498 2367 1757 2433 dictum
1804 2366 2057 2434 festum
2088 2368 2317 2458 ‘semel
2364 2368 2541 2434 cele-

277 2481 577 2548 brabunt
628 2481 754 2547 sub
801 2481 937 2547 ritu
988 2479 1241 2569 duplici
1291 2482 1527 2570 primae
1574 2481 1813 2547 classis
1865 2504 2019 2547 curn
2068 2488 2339 2563 octava,
2399 2483 2542 2549 sive

278 2596 568 2661 ecclesia
606 2595 875 2683 propria
924 2602 1346 2677 consecrata,
1391 2596 1536 2660 sive
1582 2594 1938 2662 benedicta
1988 2602 2254 2661 tantum
2303 2595 2537 2678 fuerit,

277 2709 770 2796 cujuscumque
843 2708 1272 2795 particularis
1357 2708 1635 2773 alterius
1720 2708 2021 2774 ecclesiae
2098 2708 2541 2773 dedicationis

278 2821 454 2887 festo
492 2822 750 2887 omisso
766 2826 810 2889 ³.
857 2849 886 2882 »

370 2937 447 3000 E.
525 2934 604 2999 In
676 2934 931 3017 Gallia,
1003 2958 1088 3000 ex
1161 2934 1426 3000 indulto
1493 2937 1631 3000 Pro
1709 2937 2093 3000 reductione
2164 2942 2536 3022 festorum,

281 3051 318 3115 9
381 3072 528 3137 apr.
600 3048 798 3129 1802,
871 3072 910 3113 a
968 3049 1152 3113 card.
1225 3050 1521 3136 Caprara
1582 3048 1840 3136 Legato
1915 3050 2407 3137 promulgato³,
2474 3057 2542 3115 et

279 3185 611 3250 responso
674 3162 982 3250 ejusdem
1033 3161 1272 3249 Legati
1324 3162 1402 3227 21
1463 3162 1642 3249 junii
1705 3162 1875 3228 1804
1892 3166 1937 3243 ⁴,
2004 3163 2540 3229 anniversarium

279 3275 729 3340 dedicationis
781 3275 1218 3341 ecclesiarum
1258 3275 1750 3340 cathedralium
1789 3284 1858 3340 et
1894 3276 2181 3341 aliarum
2219 3299 2542 3365 quarum-

279 3411 574 3478 cumque
613 3395 1158 3453 consecratarum
1197 3388 1266 3452 in
1314 3395 1460 3454 toto
1509 3389 1849 3455 territorio
1898 3390 2286 3478 reipublicae
2326 3390 2541 3455 Galli-

281 3526 468 3567 canae
507 3502 839 3568 celebrari
891 3500 1092 3568 debet
1143 3502 1213 3567 in
1267 3503 1470 3589 globo
1521 3505 1590 3567 in
1642 3504 1977 3568 dominica
2029 3528 2179 3590 quae
2230 3506 2544 3589 sequitur

281 3626 584 3681 octavam
625 3616 949 3681 Omnium
1001 3615 1410 3681 Sanctorum
1457 3617 1527 3681 in
1581 3617 1899 3682 omnibus
1951 3617 2301 3682 ecclesiis⁵
2338 3624 2406 3682 et
2458 3617 2541 3683 ab

341 3795 360 3827 ¹
398 3794 470 3841 V.
500 3811 574 3857 g.,
613 3794 668 3842 in
705 3792 933 3843 Nullius
959 3793 1330 3853 Sublacensi-5,
1368 3800 1424 3842 19
1463 3798 1603 3858 sept.
1642 3800 1790 3855 17503
1836 3795 2061 3844 Decreta
2098 3794 2271 3853 auth„
2304 3810 2357 3843 n.
2390 3799 2538 3855 2049,

281 3875 320 3920 t.
353 3889 415 3933 ιι,
448 3889 502 3936 p.
534 3877 616 3922 98.
1585 3878 1588 3881 ’

341 3951 366 3986 ²
399 3952 716 4000 Notandum
751 3954 836 3999 est
875 3952 1074 4000 festum
1114 3952 1473 4000 dedicationis
1510 3952 1739 4015 alicujus
1777 3952 2046 4013 ecclesiae,
2092 3953 2187 4001 aut
2223 3953 2538 4001 anniversa-

279 4031 448 4088 rium,
479 4044 590 4078 non
619 4044 740 4078 esse
769 4029 834 4078 de
853 4032 1124 4093 praecepto
1154 4031 1480 4079 servandum
1509 4045 1539 4079 a
1569 4031 1792 4094 populo,

343 4108 366 4143 ⁸
400 4108 560 4165 Quod
590 4108 739 4170 legas
768 4108 823 4156 in
853 4108 998 4157 Ball.
1031 4109 1181 4158 Rom.
1213 4108 1378 4167 cont„
1413 4109 1629 4169 Romae,
1662 4112 1810 4168 1846,
1842 4113 1882 4158 t.
1914 4125 1993 4168 xi,
2025 4125 2079 4171 p.
2110 4114 2355 4158 323-324.

342 4188 368 4221 ⁴
403 4186 520 4235 Hoc
559 4201 884 4250 responsum
927 4186 1204 4235 invenitur
1245 4188 1297 4235 in
1343 4190 1569 4237 extenso
1614 4189 1903 4250 allegatum
1952 4189 2006 4236 in
2050 4187 2217 4236 dubio
2262 4189 2427 4235 misso
2473 4188 2541 4235 ad

283 4265 338 4315 S.
365 4264 470 4314 nit.
493 4265 692 4327 Congr.
716 4265 770 4313 in
790 4265 1108 4323 Tornacen„
1129 4271 1188 4313 22
1207 4266 1329 4329 julii
1348 4269 1496 4325 18483
1531 4266 1757 4315 Decreta
1783 4266 1956 4325 auth„
1978 4281 2029 4315 n.
2045 4270 2183 4326 2974,
2213 4270 2251 4315 t.
2284 4283 2337 4324 ιι,
2358 4283 2410 4329 p.
2430 4270 2539 4314 361.

347 4345 370 4379 ⁵
400 4344 512 4391 Nisi
542 4344 692 4391 aliud
721 4344 1032 4405 specialiter
1058 4358 1375 4392 concessum
1408 4346 1496 4405 sit,
1528 4346 1627 4405 uti,
1664 4362 1717 4393 v,
1751 4362 1820 4407 g„
1852 4360 1952 4407 pro
1983 4346 2202 4393 dioecesi
2235 4345 2538 4404 Aniciensi,
