3192 5025
625 471 696 525 82
1522 473 1613 522 DE
1650 471 1985 522 EGCLESIIS

712 617 780 683 6⁰
817 615 1056 695 Quoad
1085 616 1373 703 capellas
1413 616 1706 681 minores
1744 615 2287 696 seminariorum,
2332 621 2493 696 etc„
2536 637 2577 680 a
2614 613 2887 680 fortiori

620 727 984 793 dicendum
1031 734 1137 793 est
1182 749 1296 793 eas
1335 750 1472 792 non
1524 750 1675 793 esse
1710 727 2071 815 pollutioni
2118 725 2447 793 obnoxias
2464 779 2479 810 ,
2524 749 2603 792 eo
2650 728 2883 816 magis

619 841 803 931 quod
840 864 978 906 non
1016 841 1240 907 solent
1276 840 1611 908 benedici.

925 1133 963 1206 ἓ
998 1133 1070 1191 4.
1111 1133 1218 1191 De
1259 1131 1661 1192 eitectibus
1701 1132 2147 1205 pollutionis
2185 1133 2550 1194 ecclesiae.

699 1355 838 1424 40.
867 1392 958 1403 —
994 1351 1337 1422 Effectus
1374 1354 1844 1442 pollutionis
1882 1355 2260 1424 eeclesiae.

701 1467 766 1532 1⁰
805 1467 1112 1533 Ecclesia
1150 1468 1438 1556 polluta,
1485 1471 1677 1552 nefas
1714 1476 1812 1532 est
1852 1469 1922 1533 in
1951 1491 2024 1533 ea
2063 1469 2403 1533 celebrare
2439 1467 2669 1532 divina
2705 1469 2873 1553 offi-

604 1583 730 1667 cia,
761 1590 826 1647 et
839 1582 1226 1668 praesertim
1253 1583 1551 1649 missam.
1583 1621 1675 1630 -
1700 1581 2025 1648 Constat:
2058 1585 2089 1646 1
2108 1635 2121 1648 .
2152 1605 2302 1671 cap.
2326 1581 2403 1647 Si
2426 1583 2717 1664 ecclesis,
2748 1583 2861 1663 10,

603 1697 709 1762 Dr:
760 1716 1268 1762 consscnxrloms
1323 1714 1526 1777 scen,
1585 1695 1655 1760 in
1718 1719 1851 1783 quo
1907 1695 2208 1764 dicitur:
2277 1723 2310 1756 «
2374 1695 2447 1762 Si
2484 1694 2861 1761 ecclesia...

601 1810 890 1877 fuerit...
932 1809 1230 1898 polluta,
1283 1831 1458 1897 aqua
1504 1809 1819 1897 protinus
1867 1810 2243 1876 exorcizata
2288 1809 2587 1890 lavetur,
2632 1832 2712 1872 ne
2757 1810 2865 1873 di-

599 1926 764 1990 vinae
807 1924 1028 1988 laudis
1066 1946 1324 2008 organa
1359 1924 1906 2009 suspendantur;
1937 1951 1970 1985 »
2014 1946 2202 2010 ergo,
2239 1923 2505 2011 polluta
2543 1921 2857 2004 ecclesia,

598 2037 830 2103 divina
870 2037 1090 2102 officia
1126 2039 1231 2118 (et
1269 2036 1337 2101 in
1376 2037 1457 2101 iis
1497 2035 1742 2124 missa)
1776 2037 2099 2124 suspendi
2136 2034 2418 2118 debent;
2452 2075 2543 2086 —
2579 2036 2644 2101 2.
2690 2035 2862 2125 Spe-

599 2151 860 2218 cialiter
895 2174 1017 2239 pro
1055 2151 1298 2232 missa,
1343 2173 1492 2238 cap.
1535 2151 1607 2216 Is
1644 2153 1799 2238 qui,
1847 2150 1963 2233 18,
2008 2151 2111 2215 DE
2150 2171 2495 2217 smmum
2532 2171 2853 2232 sxcoun„

595 2266 668 2331 in
705 2265 800 2330 VI
836 2286 851 2333 ε
898 2293 929 2327 «
978 2265 1043 2330 Is
1081 2265 1200 2353 qui
1237 2265 1306 2329 in
1346 2264 1632 2330 ecclesia
1670 2265 2021 2353 sanguinis
2056 2273 2177 2331 aut
2214 2266 2495 2331 seminis
2524 2265 2857 2331 effusione

593 2381 942 2469 polluta...
1002 2379 1294 2444 scienter
1341 2377 1683 2444 celebrare
1730 2379 2113 2466 praesumit,
2174 2381 2325 2445 licet
2373 2380 2445 2444 ἱη
2488 2381 2613 2445 hoc
2652 2389 2855 2445 teme-

600 2495 778 2559 rarie
816 2501 1008 2580 agat,
1053 2491 1572 2580 irregularitatis
1611 2499 1877 2575 tamen,
1924 2517 2080 2560 cum
2128 2493 2197 2560 id
2249 2518 2386 2560 non
2440 2494 2530 2560 sit
2576 2517 2855 2582 expres-

597 2632 746 2673 sum
787 2608 858 2673 in
879 2607 1057 2696 jure,
1100 2607 1423 2696 laqueum
1463 2630 1601 2672 non
1642 2607 1947 2673 incurrit.
1990 2635 2023 2669 »
2054 2646 2143 2657 —
2182 2608 2313 2674 Per
2358 2610 2585 2675 divina
2622 2616 2851 2673 autem

596 2723 825 2809 officia
907 2722 1420 2809 intelliguntur,
1494 2729 1743 2809 praeter
1821 2722 2134 2805 missam,
2214 2722 2395 2786 horae
2470 2722 2844 2805 eanonicae‚

594 2836 884 2923 publicae
922 2836 1395 2923 processiones
1434 2840 1502 2899 et
1539 2834 1895 2923 quodlibet
1932 2835 2231 2901 officium
2265 2836 2684 2922 liturgicum.

685 2949 755 3013 2⁰
820 2948 1191 3015 Celebrans
1238 2949 1307 3013 in
1369 2948 1652 3014 ecclesia
1711 2948 1975 3037 polluta
2026 2954 2260 3037 peccat
2315 2948 2721 3029 mortaliter,
2773 2956 2853 3014 ut

597 3068 867 3129 constat
903 3063 1019 3128 cit.
1065 3086 1213 3150 cap.
1257 3062 1327 3127 Is
1364 3063 1487 3148 qui
1496 3081 1526 3145 ;
1573 3068 1877 3127 attamen
1916 3062 2176 3127 nullam
2214 3084 2489 3150 poenam
2530 3062 2847 3145 incurrit,

598 3200 735 3241 non
797 3176 1330 3263 irregularitatis
1341 3226 1362 3259 ‚
1405 3182 1482 3240 ut
1536 3181 1727 3263 patet
1779 3177 2017 3242 eodem
2056 3176 2309 3263 capite,
2352 3198 2478 3242 nec
2518 3194 2851 3259 censurae,·

597 3312 788 3372 nam,
850 3289 1180 3379 quidquid
1240 3288 1604 3353 dicendum
1661 3296 1766 3354 est
1820 3290 1903 3356 de
1955 3290 2111 3377 jure
2166 3290 2445 3378 antiquo
2470 3292 2515 3371 ¹,
2580 3290 2664 3354 de
2728 3290 2853 3355 tali

597 3427 884 3471 censura
937 3402 1205 3468 nullum
1252 3402 1619 3489 vestigium
1666 3404 2010 3469 invenitur
2064 3404 2135 3468 in
2184 3410 2401 3469 const.
2444 3403 2849 3489 Apostolicae

597 3517 828 3601 Sedis;
865 3516 934 3581 in
974 3517 1098 3581 hac
1137 3516 1414 3605 quidem
1453 3524 1701 3600 const.,
1734 3517 1832 3582 De
1873 3517 2271 3601 interdicent,
2310 3540 2379 3583 n.
2423 3518 2499 3599 2,
2541 3517 2849 3605 plectun-

597 3636 710 3696 tur
763 3652 1043 3696 censura
1101 3631 1441 3695 interdicti
1498 3630 1616 3719 qui
1672 3630 2017 3697 celebrant
2071 3631 2143 3695 in
2212 3630 2371 3695 locis
2434 3631 2852 3715 interdicti-Q·

594 3766 833 3809 verum
881 3744 1014 3810 alia
1076 3744 1360 3811 ecclesia
1423 3744 1811 3829 interdicta,
1864 3744 1995 3809 alia
2036 3744 2350 3833 polluta,·
2396 3744 2465 3809 hi
2515 3744 2650 3809 duo
2688 3766 2848 3809 con-

594 3864 832 3946 ceptus
869 3857 1067 3922 valde
1108 3858 1283 3922 inter
1319 3880 1391 3921 se
1423 3858 1769 3923 differunt.

653 4034 672 4068 ¹
710 4034 1088 4091 Reiffcnstuel‚
1129 4032 1182 4081 in
1223 4032 1308 4082 tit.
1349 4033 1426 4082 De
1463 4048 1703 4083 consecr.
1746 4034 1896 4092 cccl„
1938 4049 1991 4082 n.
2034 4040 2120 4093 23,
2156 4036 2224 4083 ad
2264 4036 2606 4098 probandum
2640 4038 2847 4087 incurri

589 4111 998 4173 suspensionem
1025 4112 1079 4158 in
1101 4110 1196 4160 tali
1218 4125 1363 4169 casu,
1389 4112 1547 4160 affert
1571 4126 1687 4159 can.
1712 4111 1931 4170 Nullus,
1963 4116 2039 4171 15,
2063 4111 2189 4161 dist.
2214 4112 2255 4172 1,
2278 4113 2364 4162 Ds
2384 4128 2840 4177 consanam-zoam

581 4204 770 4239 verum
800 4189 888 4238 hic
917 4204 1088 4237 canon
1119 4189 1467 4251 apocryphus
1495 4192 1605 4249 cst,
1644 4205 1709 4237 ex
1738 4191 1817 4239 sic
1854 4189 2016 4239 dictis
2054 4190 2231 4239 Gestis
2257 4192 2619 4255 synodalibus
2647 4192 2701 4241 S.
2733 4192 2843 4242 Sil-

577 4268 744 4317 vestri
776 4267 1127 4330 (Hinschius‚
1157 4267 1469 4317 Decretales
1496 4268 2113 4328 Pseudo-Isidorianae,
2148 4283 2201 4332 p.
2233 4272 2373 4332 ⁴50).
