3192 5025
575 508 646 563 ⁹0
1478 511 1568 562 DE
1607 509 1941 562 ECCLESIIS

575 678 722 744 cap.
767 655 967 720 Decet
1002 674 1018 721 ε
1067 681 1099 714 «
1143 653 1431 720 Cessent
1471 654 1578 743 (in
1618 653 1962 742 ecclesiis)
2008 676 2177 718 vana
2216 659 2285 718 et
2332 653 2549 718 multo
2590 651 2835 718 fortius

572 770 756 856 sceda
794 777 864 835 et
891 772 1194 854 profana
1231 767 1569 855 colloquia
1580 787 1611 852 ,·
1658 774 1930 834 cessent
1965 766 2549 853 confabulationes
2595 767 2833 852 quaeli-

580 885 687 948 bet
707 888 749 949 ¹.
793 911 825 944 »

667 993 734 1060 6⁰
779 995 1200 1060 Prohibetur
1247 1017 1327 1059 ne
1369 998 1675 1080 profana
1710 994 2019 1081 supellex
2062 995 2471 1060 admittatur·
2518 994 2589 1058 in
2632 993 2839 1058 eccle-

573 1109 714 1174 siis.
741 1147 832 1157 —
859 1106 1149 1174 Constat
1185 1131 1334 1197 cap.
1367 1109 1724 1196 Relinqui,
1760 1109 1837 1192 2,
1873 1109 1977 1174 Ds
2014 1129 2321 1176 cusronu
2356 1125 2832 1175 suemus-mx:

575 1249 608 1283 «
657 1223 971 1288 Firmiter
997 1223 1473 1312 prohibemuS,
1518 1246 1600 1288 ne
1641 1224 2043 1310 hujusmodi
2067 1223 2512 1310 supellectilia
2550 1221 2837 1310 (nempe

575 1337 902 1402 laicorum
941 1344 1010 1401 et
1049 1337 1256 1403 etiam
1294 1337 1734 1426 clericorum)
1769 1337 1839 1402 in
1868 1337 2155 1402 ecclesiis
2184 1337 2667 1422 admittantur,
2702 1335 2839 1401 nisi

574 1458 851 1539 propter
887 1450 1174 1516 hostiles
1211 1452 1550 1534 incursuS,
1581 1457 1699 1516 aut
1738 1451 2052 1517 incendia
2088 1451 2467 1538 repentina,
2504 1473 2625 1516 seu
2662 1450 2837 1514 alias

575 1565 1016 1631 necessitates
1062 1572 1383 1652 urgentes
1401 1618 1417 1648 ,
1480 1566 1568 1631 ad
1624 1587 1739 1631 eas
1799 1571 2110 1654 oporteat
2172 1563 2407 1630 haberi
2454 1563 2833 1652 refugium;

575 1679 674 1744 sic
735 1686 964 1744 tamen
1025 1686 1135 1761 ut,
1205 1679 1611 1746 necessitate
1672 1687 2018 1762 cessante,
2070 1701 2179 1744 res
2226 1679 2297 1744 in
2349 1679 2499 1744 loca
2548 1678 2841 1766 pristina

575 1799 1029 1880 reportentur.
1099 1821 1131 1854 »
1179 1791 1346 1871 Quae
1393 1801 1624 1859 tamen
1677 1792 2043 1881 prohibitio
2062 1845 2077 1876 ,
2137 1801 2214 1859 ut
2270 1800 2464 1858 notat
2525 1791 2767 1858 Suarez
2780 1793 2835 1875 ¹,

575 1928 713 1971 non
751 1907 1028 1994 respicit
1067 1907 1432 1972 sacrarium
1475 1907 1884 1994 (sacristie),
1928 1914 2047 1972 aut
2084 1931 2386 1973 cameras
2425 1906 2843 1972 inhaerentes

575 2020 900 2086 ecclesiae.

666 2245 804 2314 45.
843 2285 932 2296 -
969 2248 1218 2315 Furta
1253 2250 1341 2317 in
1379 2249 1764 2318 ecclesiis.

671 2358 736 2422 1⁰
767 2359 837 2425 Si
866 2361 1020 2448 quis
1059 2360 1320 2426 furetur
1349 2361 1418 2426 in
1445 2362 1728 2428 ecclesia
1766 2385 1910 2428 rem
1948 2385 2235 2446 sacram,
2278 2385 2347 2428 v.
2391 2385 2489 2450 g.,
2528 2360 2839 2444 calicem,

579 2473 832 2563 duplex
896 2481 1123 2564 patrat
1185 2481 1572 2565 peccatum,
1646 2476 1807 2543 furti
1868 2499 2116 2565 nempe
2172 2484 2243 2543 et
2300 2475 2661 2565 sacrilegii.
2732 2473 2847 2541 lta

578 2610 849 2670 omneS‚
885 2611 1010 2654 nec
1049 2596 1153 2655 est
1191 2589 1582 2656 difficultas.

667 2704 735 2767 2⁰
791 2702 864 2768 Si
920 2704 1074 2791 quis
1124 2703 1386 2771 furetur
1449 2705 1520 2769 in
1579 2704 1865 2769 ecclesia
1926 2728 2071 2770 rem
2127 2706 2199 2770 in
2246 2729 2319 2772 se
2372 2704 2648 2793 quidem
2697 2724 2847 2768 non

579 2838 875 2898 sacram,
939 2818 1061 2882 sed
1117 2819 1205 2883 ad
1263 2817 1623 2883 ecclesiam
1688 2818 2178 2906 pertinentem,
2238 2843 2308 2886 v.
2377 2844 2474 2907 g.,
2546 2818 2839 2906 tapetia,

577 2929 851 3010 sedilia,
903 2931 1293 3017 pecuniam,
1347 2938 1508 3014 etc.,
1561 2932 1653 3013 is,
1706 2939 1952 3020 praeter
2000 2931 2291 3015 furtum,
2342 2938 2570 3021 patrat
2614 2930 2845 2997 scelus

583 3043 944 3131 sacrilegii,
991 3044 1148 3132 quia
1177 3067 1284 3109 res
1322 3046 1406 3110 ad
1448 3044 1809 3110 ecclesiam
1834 3046 2186 3134 pertinens
2233 3055 2337 3112 est
2377 3045 2602 3134 aliquo
2632 3045 2841 3109 modo

581 3179 804 3239 sacra,
840 3157 1040 3244 juxta
1078 3180 1337 3223 omneS.

672 3270 739 3338 3⁰
777 3269 846 3337 Si
892 3272 1045 3359 quis
1097 3271 1356 3337 furetur
1408 3273 1477 3337 in
1517 3273 1807 3340 ecclesia
1860 3296 2006 3339 rem
2058 3274 2146 3339 ad
2182 3274 2524 3363 privatum
2562 3272 2843 3361 quidem

579 3383 1068 3473 pertinentem,
1113 3385 1233 3449 sed
1283 3385 1511 3473 aliquo
1559 3387 1762 3452 modo
1812 3387 2018 3453 etiam
2066 3388 2155 3452 ad
2191 3387 2577 3467 ecclesiam,
2620 3408 2689 3450 V.
2731 3408 2835 3472 g.,

581 3519 725 3563 rem
766 3497 836 3561 in
876 3497 1160 3563 ecclesia
1208 3500 1614 3586 depositam,
1662 3501 1776 3566 vel
1828 3502 1889 3566 ei
1946 3502 2017 3566 in
2055 3503 2313 3587 piqnus
2356 3500 2618 3581 datam,
2670 3505 2836 3582 etc.,

579 3610 744 3675 item
795 3618 1020 3698 patrat
1071 3614 1538 3701 sacrilegium,
1583 3616 1744 3703 quia
1798 3614 2084 3681 ecclesia
2123 3614 2330 3680 habet
2380 3614 2451 3677 in
2491 3636 2640 3679 eam
2691 3634 2835 3678 rem

580 3724 796 3789 officia
835 3731 904 3790 et
940 3726 1223 3814 proinde
1252 3728 1408 3816 jura
1446 3729 1923 3795 determinata.

667 3838 735 3901 4⁰
779 3838 849 3904 Si
893 3840 1046 3927 quis
1085 3839 1346 3907 furetur
1384 3841 1456 3906 in
1486 3843 1771 3909 ecclesia
1814 3866 1956 3908 rem
2000 3843 2085 3908 ad
2122 3843 2465 3930 privatum
2494 3840 2839 3930 pertinen-

643 4010 660 4041 ¹
697 4010 784 4057 Ad
823 4011 1138 4060 sanciendas
1176 4012 1575 4074 prohibitiones
1613 4028 1731 4075 cap.
1764 4014 1927 4061 Decet
1965 4016 2021 4062 et
2064 4014 2155 4061 cit.
2188 4013 2395 4061 decreti
2422 4012 2591 4071 ‘rx-id„
2626 4011 2839 4061 addidit

581 4102 770 4152 poenas
812 4090 1150 4150 pecuniarias
1185 4090 1239 4139 S.
1289 4090 1419 4139 Pius
1463 4090 1528 4149 V,
1570 4094 1747 4140 const.
1791 4093 1928 4140 Cum
1960 4090 2232 4154 primum,
2276 4098 2299 4139 1
2342 4104 2457 4154 apr.
2494 4094 2643 4149 1566;
2684 4088 2837 4139 Bull-

581 4180 737 4225 rom„
769 4169 808 4215 t.
841 4182 912 4227 xv,
945 4171 1084 4230 part.
1112 4168 1189 4228 11,
1222 4183 1273 4233 p.
1308 4172 1424 4229 28⁴3
1453 4169 1550 4217 sed
1577 4169 1661 4217 hae
1692 4184 1869 4232 poenae
1898 4171 1953 4217 in
1982 4170 2394 4218 desuetudinem
2419 4168 2688 4218 abierunt.

641 4244 664 4279 ²
691 4244 771 4293 De
811 4244 1105 4310 religione,
1150 4246 1250 4295 loc.
1291 4246 1407 4309 cit„
1442 4262 1489 4295 c.
1527 4262 1609 4307 vr,
1649 4262 1702 4296 n.
1735 4254 1789 4307 13
1821 4274 1882 4284 —
1911 4247 1989 4296 sic
2028 4248 2193 4297 etiam
2228 4246 2546 4311 Schmalzg„
2581 4248 2679 4297 loc.
2716 4246 2835 4307 cit„

579 4336 633 4370 n.
665 4326 742 4370 84.
