3192 5025
618 527 705 575 DE
740 525 1016 577 ,luamus
1053 524 1340 576 PARocul
1379 525 1462 575 ET
1501 525 1833 574 ECCLESIAE
1868 523 2290 574 TUMULANTIS
2481 521 2584 574 315

323 670 557 736 accedi
593 669 728 734 nisi
765 667 1180 734 transeundo
1217 691 1340 756 per
1373 667 1793 732 territorium
1830 667 2163 755 parochiae
2204 666 2349 756 (qui
2384 690 2583 733 casus

323 792 436 850 est
473 783 674 848 hodie
712 781 1380 871 frequentissimus),
1423 781 1751 870 quaeritur
1790 805 1959 847 num
2006 781 2421 847 intervenire
2462 781 2584 848 de·

321 899 488 964 beat
531 897 892 986 parochuS.
933 935 1026 946 —-
1063 897 1168 962 De
1205 919 1340 984 quo
1377 895 1522 960 haec
1561 895 1850 964 dicenda
1892 915 1909 962 z

420 1016 490 1076 10
535 1012 610 1078 Si
661 1019 903 1099 agatur
945 1011 1028 1076 de
1065 1011 1396 1096 Regulari
1442 1009 1797 1092 defunctO,
1841 1009 1971 1097 ipsi
2010 1009 2384 1096 Regulares
2422 1034 2583 1098 pos-

322 1132 511 1208 sunt,
549 1126 822 1214 expleto
862 1123 1109 1206 officio,
1144 1125 1388 1189 ducere
1418 1147 1665 1212 corpus
1692 1122 1781 1188 ad
1808 1124 2220 1210 sepulcrum,
2246 1125 2411 1212 quin
2438 1125 2581 1190 ullo

321 1241 528 1306 modo
566 1239 977 1305 interveniat
1013 1239 1374 1327 parochus,
1412 1265 1444 1298 «
1481 1237 1849 1303 dummodo
1888 1237 2177 1302 cadaver
2212 1237 2577 1319 deferatur,

320 1356 579 1441 absque
623 1353 910 1418 solemni
947 1375 1236 1440 pompa,
1284 1362 1461 1417 recto
1505 1353 1809 1434 tramite,
1869 1352 1954 1416 ad
2001 1353 2498 1434 coemeterium,
2542 1377 2582 1418 a

318 1469 593 1554 familia
634 1468 940 1553 regulari
968 1467 1242 1552 proprii
1279 1474 1643 1532 conventus
1684 1473 1977 1531 tantum.
2022 1493 2057 1528 »
2098 1466 2291 1530 Tunc
2326 1467 2583 1532 incedit

317 1583 506 1670 prior
543 1589 924 1646 conventus
963 1603 1118 1646 cum
1157 1581 1360 1662 stola„
1403 1588 1474 1646 et
1509 1579 1639 1645 sub
1676 1603 1873 1646 eruce
1910 1580 2379 1660 conventuali,
2416 1581 2581 1669 quin

319 1719 602 1762 necesse
647 1696 740 1762 sit
802 1695 920 1760 illa
975 1695 1348 1783 deponere,
1403 1717 1560 1760 cum
1608 1694 1940 1760 transitur
1993 1717 2113 1782 per
2159 1695 2329 1760 fines
2380 1718 2582 1782 paro-

319 1811 516 1875 chiae.
571 1849 664 1859 —
711 1808 824 1875 Sic
891 1809 964 1873 in
1031 1807 1350 1874 omnibus
1409 1809 1697 1874 resolvit
1749 1807 1817 1874 S.
1892 1807 2144 1896 Congr.
2204 1808 2444 1892 Conc.‚
2510 1809 2581 1874 in

319 1943 460 1989 una
499 1922 777 1988 Ordinis
814 1923 1379 2005 Praedicator-um,
1423 1923 1508 1986 24
1539 1922 1687 2010 jan.
1734 1921 1971 1988 18461.

409 2037 486 2102 20
527 2037 601 2103 Si
645 2044 889 2125 agatur
934 2036 1019 2102 de
1071 2037 1352 2101 moniali
1399 2036 1751 2118 defuncta,
1795 2035 1979 2101 idem
2031 2037 2308 2102 omnino
2348 2036 2579 2102 dicen—

320 2152 520 2233 dum,
582 2151 742 2239 quia
808 2172 1054 2238 nempe
1117 2149 1474 2237 privilegia
1541 2173 1865 2215 concessa
1924 2149 2349 2237 regularibus
2412 2150 2581 2216 viris

318 2271 686 2330 censentur
735 2264 942 2330 etiam
996 2286 1320 2329 concessa
1379 2264 1823 2344 monialibuS,
1866 2265 2141 2352 quando
2192 2287 2331 2330 non
2377 2288 2579 2352 repu-

316 2384 537 2464 gnant
585 2401 820 2444 earum
869 2377 1084 2442 statui
1147 2384 1216 2441 et
1271 2377 1687 2460 condicioni,
1752 2384 1834 2442 ut
1900 2400 2104 2466 supra
2155 2377 2414 2442 dictum
2476 2386 2580 2444 est

319 2493 420 2581 (n.
467 2492 668 2579 158,
705 2491 842 2581 2⁰).
884 2489 1082 2558 Unde
1117 2489 1573 2561 confessarius
1612 2497 1993 2557 conventus
2033 2490 2186 2581 (qui
2215 2491 2357 2579 agit
2392 2491 2579 2558 vices

318 2604 600 2693 parochi
633 2628 796 2693 erga
831 2604 1200 2694 moniales)
1242 2603 1445 2670 ducet
1482 2627 1728 2692 corpus
1766 2604 1852 2669 ad
1891 2605 2387 2687 coemeterium,
2432 2606 2578 2671 sine

315 2720 712 2785 interventu
770 2718 1050 2808 parochi
1065 2770 1082 2800 ‚
1149 2745 1184 2779 «
1241 2718 1614 2784 dummodo
1681 2718 1968 2783 cadaver
2022 2718 2365 2783 deferatur
2423 2742 2577 2783 cum

317 2833 500 2899 stola
555 2840 624 2898 et
679 2854 912 2915 cruce,
979 2830 1100 2897 sed
1161 2830 1419 2920 absque
1481 2855 1733 2919 pompa
1780 2839 1851 2897 et
1910 2838 2095 2897 recto
2154 2832 2429 2898 tramite
2492 2832 2580 2897 ad

316 2946 810 3013 coemeterium.
859 2972 892 3007 »
924 2985 1017 2995 —
1051 2946 1165 3012 Sic
1200 2946 1488 3012 resolvit
1525 2946 1596 3012 S.
1644 2946 1895 3033 Congr.
1948 2946 2190 3028 Conc.‚
2246 2947 2317 3011 in
2364 2947 2579 3035 Syra-

317 3083 606 3145 casana,
650 3060 734 3125 24
775 3058 944 3126 febr.
983 3059 1154 3126 1872
1179 3064 1226 3127 ².

408 3175 482 3241 3⁰
517 3173 590 3239 Si
616 3181 860 3261 agatur
895 3174 980 3240 de
1015 3176 1228 3259 fideli,
1267 3173 1386 3263 qui
1422 3173 1709 3239 electam
1746 3174 1863 3239 vel
1898 3174 2308 3262 gentilitiam
2346 3178 2577 3263 sepul-

319 3297 545 3355 turam
595 3289 847 3356 habeat
897 3289 1082 3379 apud
1119 3290 1529 3376 RegulareS,
1588 3289 1771 3354 idem
1824 3290 2187 3356 dicendum
2226 3299 2332 3357 est
2382 3290 2577 3379 (licet

318 3426 461 3468 non
513 3402 604 3470 sit
645 3426 768 3491 pro
815 3403 942 3468 hac
996 3403 1221 3491 specie
1271 3402 1599 3468 resolutio
1653 3402 1723 3469 S.
1784 3404 2104 3493 Congr.);
2150 3406 2293 3470 sola
2330 3427 2576 3492 nempe

319 3516 686 3583 difficultas
741 3514 1085 3582 oriebatur
1150 3540 1235 3582 ex
1301 3517 1597 3583 transitu
1660 3517 1731 3582 in
1797 3518 2137 3584 territorio
2200 3518 2569 3609 parochiae3

319 3652 548 3718 porro,
589 3631 735 3695 sive
773 3637 1018 3718 agatur
1054 3630 1138 3696 de
1183 3630 1494 3696 saeculari
1533 3630 1881 3713 defuncto,
1918 3632 2061 3697 sive
2102 3633 2186 3697 de
2225 3632 2570 3720 Regulari,

317 3744 688 3811 difficultas
742 3766 882 3809 non
945 3750 1293 3825 mutatur3
1357 3768 1514 3811 cum
1568 3767 1728 3833 ergo
1792 3745 1939 3811 haec
2010 3744 2377 3812 difficultas
2436 3768 2575 3811 non

317 3856 568 3941 obstet,
601 3858 850 3924 solutio
889 3882 1041 3946 quae
1075 3858 1238 3924 data
1267 3858 1396 3923 fuit
1429 3882 1554 3945 pro
1584 3859 1908 3947 Regulari
1946 3866 2015 3925 et
2050 3860 2331 3925 moniali
2354 3860 2577 3948 appli-

317 3972 534 4037 canda
571 3978 677 4037 est
715 3972 1045 4037 saeculari.

407 4086 481 4151 4⁰
517 4086 735 4152 Caute
759 4086 1080 4152 notandae
1105 4093 1269 4151 sunt
1290 4086 1726 4154 condiciones
1762 4088 2107 4177 requisitae
2134 4112 2175 4153 a
2205 4088 2276 4154 S.
2316 4086 2569 4174 Congr.

383 4264 404 4298 ¹
446 4264 786 4323 Thesaurus,
819 4268 859 4314 t.
883 4280 998 4325 cvi,
1031 4280 1086 4328 p.
1117 4268 1196 4313 ³5.

381 4342 406 4377 ²
444 4342 781 4402 Thesaurus,
814 4346 854 4393 t.
886 4358 1068 4402 cxxx1,
1100 4358 1154 4405 p.
1189 4346 1296 4391 151.
