3192 5025
1041 509 1131 560 DE
1168 508 1529 562 ORATORus
1566 507 1862 560 PUBLICIS
2474 505 2580 560 137

314 652 587 730 Quanta
626 675 815 738 cura,
860 676 1028 718 sess,
1072 649 1290 734 XXII,
1334 653 1433 717 De
1467 652 1981 717 observandis...
2028 653 2098 716 ἰη
2135 653 2585 716 celebratione·

312 768 565 852 missae,
638 768 997 855 episcopus
1063 790 1141 833 ea
1208 766 1552 853 designet,
1622 765 1856 832 visitet
1922 773 1991 831 et
2055 765 2269 832 cultui
2343 766 2582 831 divino

312 881 661 948 exclusive
700 881 969 947 addicat
988 934 1003 963 ‚
1048 881 1189 946 haec
1227 880 1650 946 consuetudo
1689 903 1827 945 non
1865 880 2137 946 videtur
2173 879 2568 966 illegitima;

306 1035 402 1044 —
439 996 506 1060 2.
552 995 631 1061 In
672 996 859 1060 omni
897 1018 1091 1076 casu,
1134 1002 1213 1060 ut
1250 994 1510 1059 dictum
1546 999 1652 1058 est
1691 1017 1892 1081 supra
1935 993 2029 1081 (n.
2066 993 2198 1081 19)
2240 993 2324 1060 de
2363 994 2582 1059 eccle·

310 1108 468 1191 siis,
512 1108 871 1197 episcopus
916 1110 1005 1174 ad
1054 1117 1319 1194 tempus
1328 1159 1351 1192 ,
1394 1107 1610 1173 donec
1657 1115 2053 1196 expectetur
2101 1108 2574 1196 opportunitas

308 1221 841 1302 benedictionis,
912 1223 980 1288 in
1049 1222 1153 1287 his
1218 1221 1531 1287 oratoriis
1601 1223 1994 1309 permittere
2058 1228 2286 1310 potest
2352 1222 2582 1287 missae

309 1335 861 1402 celebrationem.

400 1451 473 1515 b.
510 1451 739 1515 Posita
769 1451 1225 1515 benedictione
1252 1451 1539 1515 oratorii
1566 1451 1865 1536 publici,
1901 1449 2046 1514 fieri
2074 1455 2304 1515 tamen
2334 1449 2580 1536 nequit

308 1564 854 1630 anniversarium
882 1562 1086 1652 hujus
1115 1564 1586 1645 dedicationiS‚
1622 1571 1700 1629 ut
1729 1563 1989 1628 dictum
2020 1569 2124 1628 est
2153 1562 2236 1627 de
2265 1562 2577 1628 ecclesiis

310 1675 411 1766 (n.
444 1678 605 1766 16).
636 1715 723 1727 —
753 1676 994 1756 Quoad
1025 1678 1274 1743 festum
1298 1679 1513 1742 sancti
1544 1677 1868 1760 titularis,
1898 1666 1990 1742 cf.
2028 1699 2257 1764 supra,
2292 1699 2362 1742 n.
2395 1676 2502 1744 24
2522 1679 2569 1744 ¹.

404 1907 543 1974 73.
571 1943 662 1954 —
692 1905 1013 1976 Indoles
1035 1905 1385 1993 juridica
1417 1906 1745 1974 oratorii
1773 1903 2105 1992 publici.
2135 1944 2225 1953 —
2253 1904 2574 1993 Sequitur

308 2043 397 2084 ex
434 2018 660 2085 dietis.

404 2135 477 2196 1⁰
505 2133 891 2200 Oratorium
910 2187 924 2216 ,
958 2132 1044 2199 ab
1082 2135 1398 2222 episcopo
1427 2132 1730 2220 legitime
1761 2132 2163 2220 deputatum
2193 2132 2281 2198 ad
2308 2131 2570 2197 cultum

310 2243 654 2328 divinum,
700 2255 807 2314 est
842 2247 1131 2335 juridice
1185 2248 1366 2313 locus
1414 2248 1814 2332 reliqiosu3‚·
1850 2246 2032 2312 unde
2081 2245 2386 2334 subjacet
2431 2245 2570 2332 epi-

315 2383 559 2450 scopo,
602 2362 721 2449 qui
756 2362 930 2428 illud
966 2362 1247 2427 visitare
1284 2368 1509 2450 potest
1551 2359 1673 2448 (cf.
1720 2383 1908 2425 conc.
1955 2359 2167 2442 Trid.‚
2213 2383 2361 2448 cap.
2406 2359 2574 2445 Epi-

307 2475 529 2561 scopi,
572 2474 646 2555 8,
691 2498 861 2543 sess,
905 2475 1131 2557 XXII,
1178 2474 1279 2541 DE
1320 2481 1523 2561 REF.);
1571 2474 1820 2541 fruitur
1849 2473 2003 2563 jure
2041 2474 2218 2562 asyli
2259 2473 2354 2563 (n.
2403 2471 2568 2560 51),

309 2594 411 2670 et,
458 2590 527 2653 in
568 2589 771 2655 rebus
808 2587 1329 2673 favorabilibuS‚
1374 2596 1770 2655 accensetur
1809 2587 2137 2656 ecclesiis·

398 2702 478 2766 20
511 2703 748 2783 Quoad
798 2703 1172 2769 dominium
1219 2709 1288 2770 et
1335 2703 1513 2768 bona
1560 2702 1995 2791 temporalia,
2042 2702 2186 2767 haec
2226 2699 2512 2766 dicenda
2547 2718 2563 2765 ε

398 2840 467 2882 a.
521 2817 907 2883 Oratorium
954 2816 1335 2906 publicum,
1391 2818 1595 2883 etiam
1645 2816 1906 2882 aedibus
1951 2816 2238 2903 privatis
2285 2814 2575 2904 conjun-

309 2937 533 3010 ctum,
577 2931 789 2996 semel
826 2954 905 2997 ac
952 2930 1083 2997 fuit
1119 2930 1205 2997 ab
1242 2932 1561 3019 episcopo
1609 2930 1824 2997 cultui
1861 2930 2093 2995 divino
2133 2929 2564 3017 deputatum,

310 3051 415 3109 est
472 3045 668 3133 quasi
720 3044 1010 3110 liberum
1060 3068 1101 3110 a
1151 3043 1459 3133 quolibet
1507 3044 1811 3109 dominio
1864 3044 2173 3132 privato;
2229 3065 2422 3125 nam,
2484 3064 2570 3107 ex

309 3157 462 3243 ipsa
499 3158 928 3223 institutione
976 3157 1179 3246 hujus
1225 3159 1533 3240 oratorii,
1576 3158 1872 3246 populus
1918 3157 2140 3223 fidelis
2176 3178 2414 3223 verum
2453 3155 2578 3243 jus

310 3270 705 3359 acquisivit,
759 3277 828 3336 et
875 3273 1152 3359 quidem
1198 3272 1267 3337 in
1314 3278 1752 3359 perpetuum,
1804 3278 1882 3336 ut
1929 3293 2172 3357 nempe
2219 3268 2314 3335 ibi
2361 3268 2577 3335 sacris.

311 3384 625 3465 assistat;
671 3392 739 3451 et
776 3385 937 3451 licet
980 3385 1251 3475 patroni
1285 3394 1405 3451 aut
1452 3385 1850 3451 fundatores
1897 3386 2026 3451 sibi
2074 3382 2572 3450 reservaverint

309 3498 659 3586 privatum
717 3479 1139 3586 ingressum,
1212 3522 1297 3565 ex
1368 3500 1495 3565 hoc
1560 3507 1794 3565 tamen
1861 3522 1996 3564 non
2065 3498 2394 3564 minuitur
2454 3498 2571 3585 jus

310 3610 583 3700 populi;
628 3612 809 3678 unde
850 3620 1178 3702 patronus
1216 3613 1285 3679 in
1324 3619 1730 3703 perpetuum
1762 3612 2067 3701 privatur
2097 3612 2252 3699 jure
2290 3634 2572 3676 conver-

310 3724 505 3791 tendi
541 3726 609 3790 in
648 3749 815 3792 usus
843 3727 1163 3815 profanos
1200 3727 1509 3817 proprios
1537 3712 1900 3815 pr'aefatum
1939 3726 2308 3792 oratorium
2339 3745 2352 3793 ε
2390 3724 2574 3814 quod

310 3826 681 3925 privationi
716 3840 999 3906 dominii
1035 3841 1173 3907 fere
1212 3841 1576 3930 aequivale't
1593 3843 1639 3908 ¹.

402 3954 470 4018 h.
516 3952 713 4020 Unde
750 3955 1129 4043 concipitur
1165 3955 1337 4021 illud
1376 3956 1747 4021 oratorium
1793 3962 2120 4043 tanquam
2157 3978 2273 4019 ens
2307 3952 2570 4040 juridi-

378 4164 395 4197 ¹
434 4164 515 4214 De
550 4167 946 4226 exsecratione,
978 4167 1279 4230 pollutione
1308 4168 1364 4217 et
1390 4166 1836 4216 reconciliatione
1873 4164 2122 4225 oratorii,
2165 4166 2308 4215 idem
2345 4164 2576 4213 omnino

314 4244 605 4311 dicendum
635 4245 779 4307 quod
814 4246 882 4294 de
912 4244 1173 4294 ecclesiis.

380 4322 401 4355 ²
436 4320 513 4370 Cr.
546 4322 615 4371 de
642 4322 834 4380 Bonis,
864 4338 912 4371 c.
940 4338 1046 4381 xiv,
1081 4338 1131 4371 n.
1165 4326 1284 4383 2533
1314 4338 1363 4373 c.
1388 4338 1477 4383 xv,
1509 4338 1560 4372 n.
1596 4326 1706 4372 266.
