3192 5025
1197 514 1286 566 DE
1321 515 1347 564 J
1354 513 1487 564 ΗΒΕ
1523 515 1717 566 ASYLI
2480 513 2584 567 105

418 657 493 724 3⁰
530 656 657 722 Rei
696 657 1040 722 homicidii
1095 657 1207 723 vel
1264 659 1745 743 mutilationis,
1789 659 1860 724 in
1908 659 2376 728 determinatis
2413 659 2588 726 casi-

322 769 492 850 buS,
534 793 783 859 nempe
826 790 841 836 :

416 907 485 949 a.
528 884 602 950 Si
648 885 803 972 quis
848 885 1267 952 commiserit
1314 886 1759 952 homicidium
1807 889 1920 954 vel
1966 887 2465 954 mutilationem
2515 889 2584 951 in

320 999 617 1064 ecclesiis
644 1000 750 1063 vel
775 1001 1167 1064 coemeteriis
1187 1001 1332 1082 (cit.
1358 1023 1506 1090 cap.
1532 1002 2102 1092 Immunitatem),
2129 1003 2249 1069 sed
2277 1025 2431 1068 cum
2458 1001 2590 1067 hac

322 1113 889 1201 interpretatione
931 1114 1285 1180 Benedicti
1321 1113 1484 1180 XIII
1527 1114 1680 1203 (cit.
1723 1115 2010 1204 const.),
2054 1139 2298 1205 nempe
2334 1123 2409 1183 ut
2449 1115 2592 1181 suf-

320 1227 514 1292 ficiat
550 1227 612 1292 si
646 1227 1007 1308 alteruter,
1052 1228 1367 1294 occidens
1406 1235 1523 1294 aut
1569 1230 1866 1312 occisuS‚
1910 1231 1998 1295 sit
2044 1231 2115 1296 in
2154 1230 2439 1296 ecclesia
2475 1231 2588 1296 vel

320 1341 742 1407 coemeterio.

420 1455 495 1518 h.
534 1454 610 1520 Si
645 1455 804 1543 quis
836 1456 1218 1542 proditorie
1266 1456 1563 1545 aliquem
1615 1457 1968 1539 occiderit,
2010 1464 2088 1522 ut
2133 1463 2403 1523 constat
2441 1463 2588 1522 tum

322 1591 481 1656 cap.
515 1567 593 1632 Si
620 1568 809 1655 quis,
848 1571 912 1650 1,
947 1569 1051 1634 DE
1086 1589 1449 1652 uomcuno,
1486 1577 1634 1636 tum
1663 1571 1778 1636 cit.
1815 1576 2034 1636 const.
2069 1570 2381 1658 Gregorii
2409 1568 2589 1635 XIV.

322 1717 419 1731 —-
457 1679 657 1760 Quod
696 1683 1051 1748 confirmat
1090 1691 1157 1748 et
1196 1683 1477 1772 ampliat
1514 1683 1924 1750 Benedictus
1961 1682 2148 1766 XIII,
2182 1684 2298 1751 cit.
2341 1683 2592 1750 consti-

320 1797 630 1876 tutione,
693 1796 1065 1862 excludens
1134 1794 1221 1861 ab
1289 1797 1482 1884 asylo
1552 1825 1585 1858 «
1660 1798 2142 1864 interficientes
2206 1799 2590 1886 proximum

326 1932 535 1974 suum
567 1909 796 1974 animo
816 1911 1291 1996 praemeditato
1320 1933 1397 1976 ac
1433 1911 1808 1977 deliberato
1846 1937 1904 1977 ».

422 2046 483 2088 c.
523 2023 598 2089 Si
628 2022 781 2112 quis
816 2046 973 2089 reus
1013 2024 1101 2088 sit
1140 2025 1511 2108 assassinii,
1548 2048 1632 2090 ex
1662 2030 1882 2090 const.
1927 2025 2132 2114 Greg.
2160 2063 2245 2076 —
2283 2026 2590 2091 Assassi-

329 2136 529 2201 nium
561 2142 666 2202 est
702 2138 1145 2203 homicidium
1173 2145 1656 2224 perpetratum
1697 2141 1766 2203 in
1795 2161 2162 2226 personam
2197 2141 2586 2224 christiani,

316 2273 459 2337 per
494 2251 797 2338 aliquem
837 2253 1137 2317 mercede
1183 2253 1591 2316 conductum
1603 2271 1634 2336 ,⁶
1669 2252 1850 2318 unde
1899 2275 2134 2321 omnes
2171 2253 2268 2319 rei
2307 2253 2592 2318 assassi-

328 2364 433 2428 nii
454 2367 501 2444 ¹,
543 2387 787 2454 nempe
825 2365 1183 2456 mandanS,
1227 2364 1692 2431 mandatarius
1731 2373 1800 2432 et
1835 2372 2330 2454 cooperatoreS,
2366 2366 2592 2434 exclu-

328 2476 594 2545 duntur
632 2502 669 2545 a
700 2479 854 2568 jure
884 2479 1057 2567 asyli
1081 2484 1125 2545 Ξ.

427 2592 503 2657 4⁰
537 2592 857 2658 Haeretici
880 2594 993 2659 vel
1022 2595 1102 2658 de
1144 2595 1381 2659 haeresi
1407 2595 1800 2659 notabiliter
1829 2597 2142 2681 suspecti.
2183 2634 2274 2643 —
2307 2596 2596 2663 Constat

328 2728 425 2772 ex
461 2706 745 2771 Joannis
782 2706 973 2772 XXII
1014 2714 1233 2773 const.
1276 2708 1391 2771 Em
1419 2716 1653 2793 parte,
1709 2709 1792 2775 13
1831 2732 1988 2797 aug.
2033 2708 2270 2791 13172,
2313 2709 2432 2797 qui
2467 2708 2594 2773 hos

331 2826 407 2885 et
444 2819 601 2885 illos
631 2844 951 2909 expresse
990 2821 1241 2910 excipit
1267 2844 1307 2887 a
1326 2822 1481 2908 jure
1522 2821 1721 2909 asyli.
1766 2859 1851 2872 —
1883 2823 1984 2888 De
2022 2822 2266 2888 horum
2288 2822 2592 2888 omnium

332 2936 759 3000 extractione
805 2959 844 3000 a
892 2935 1062 3001 locis
1110 2936 1319 3000 sacris
1367 2941 1617 3000 tractat
1665 2935 2078 3004 Benedictus
2123 2936 2284 3002 XIV
2330 2938 2401 3003 in
2447 2936 2592 3025 epi-

330 3048 519 3114 stola
556 3049 810 3135 Elapso
839 3050 1180 3136 proxime,
1224 3049 1311 3115 20
1349 3048 1520 3116 febr.
1558 3050 1792 3117 1751⁴.

428 3164 505 3228 50
537 3164 759 3229 Judaei
797 3166 1126 3250 conversi,
1170 3164 1288 3229 sed
1314 3172 1551 3250 postea
1590 3172 1929 3251 patenter,
1977 3165 2081 3230 vel
2117 3165 2594 3231 verisimilibus

336 3276 605 3342 indiciis
666 3286 1121 3364 apostatantes
1184 3302 1225 3343 a
1277 3280 1433 3363 fide.
1506 3316 1593 3326 ——
1646 3275 1748 3343 Ita
1814 3302 1898 3345 ex
1945 3279 2060 3345 cit.
2114 3286 2332 3345 const.
2389 3279 2594 3345 Joan-

332 3388 450 3455 nis
486 3389 676 3455 XXII
688 3444 701 3457 .

430 3503 499 3569 6⁰
536 3504 657 3569 Rei
716 3504 878 3570 laesae
937 3505 1311 3593 majestatis
1365 3506 1433 3570 in
1479 3528 1774 3592 persona
1835 3507 2044 3593 ipsius
2093 3506 2452 3593 principis.
2507 3542 2598 3555 —

338 3615 631 3683 Constat
670 3618 785 3683 cit.
830 3618 1019 3684 bulla
1064 3618 1506 3707 Gregoriana.
1547 3656 1639 3669 —
1675 3619 1871 3686 Unde
1922 3620 2362 3685 vulnerantes
2409 3620 2596 3709 prin-

404 3852 425 3887 ¹
460 3852 540 3901 Cf.
563 3853 929 3912 Thesaurum,
951 3852 1031 3902 De
1043 3852 1237 3916 poenis,
1266 3856 1407 3917 part.
1441 3852 1507 3913 11,
1532 3862 1591 3901 νο
1616 3854 2014 3913 Assassinium,
2042 3856 2126 3905 ed.
2151 3854 2384 3914 Giraldi,
2407 3871 2461 3919 p.
2485 3860 2594 3905 10⁴.

340 3958 399 3968 --
430 3930 515 3980 De
547 3931 839 3981 mandante
866 3932 1244 3989 assassinium,
1278 3932 1346 3981 cs.
1380 3934 1543 3981 etiam
1574 3932 1781 3981 bullam
1813 3934 2088 3983 Benedicti
2121 3932 2276 3994 XIII,
2306 3934 2334 3999 5
2361 3937 2408 3983 ⁴.

400 4010 428 4045 ¹
458 4010 691 4058 Addidit
721 4010 835 4058 fere
869 4024 1057 4059 omnes
1086 4010 1387 4061 homicidas
1418 4010 1669 4060 Clemens
1708 4010 1838 4072 XII,
1869 4012 1964 4062 cit.
1994 4015 2190 4071 const.;
2223 4012 2318 4062 sed
2347 4012 2450 4061 hoc
2488 4027 2597 4063 non

338 4090 427 4137 est
452 4088 519 4136 de
540 4087 667 4149 jure
689 4089 993 4147 communi,
1024 4091 1087 4138 ut
1114 4088 1323 4138 dictum
1354 4091 1455 4138 est.

406 4166 431 4200 ³
460 4164 611 4215 Ball.
656 4164 829 4224 Rom„
870 4168 911 4215 t.
951 4181 1035 4226 ιιι,
1075 4169 1217 4229 part.
1262 4172 1317 4226 2,
1358 4180 1414 4229 p.
1454 4170 1565 4217 15⁴.
1605 4192 1670 4205 --
1710 4167 1896 4218 Const.
1941 4166 2168 4217 Joannis
2209 4168 2602 4231 interpretatur

340 4246 493 4295 card.
524 4244 717 4303 Petra,
745 4244 813 4293 In
838 4246 1009 4295 const.
1039 4244 1072 4293 Ι
1091 4243 1323 4296 loannis
1352 4245 1517 4304 XXII,
1548 4248 1591 4295 t.
1623 4262 1696 4307 w,
1727 4262 1782 4310 p.
1813 4252 1862 4295 1.

402 4324 429 4358 ⁴
463 4322 609 4373 Ball.
640 4323 861 4383 Bened„
894 4326 935 4372 t.
968 4339 1050 4383 ιιι,
1082 4338 1134 4371 n.
1162 4326 1241 4373 ⁴0.
