3192 5025
1284 506 1689 575 nocuMENTA
2508 502 2611 553 377

733 736 800 795 4⁰
845 735 1158 797 Pari-sien.
1205 757 1312 796 seu
1363 735 1892 819 Conqreqaliom's
1932 736 2234 797 Fratrum

1077 832 1142 893 S.
1197 825 1515 893 Vincerilii
1552 854 1588 892 a
1630 832 1898 893 Paulo¹.

439 1052 640 1111 Rrhus
670 1051 977 1111 Dominus
1005 1050 1286 1110 Alfridus
1316 1050 1584 1126 Leclerc,
1612 1050 1898 1111 sacerdos
1920 1058 1983 1111 et
2014 1049 2395 1131 Praepositus
2422 1070 2611 1129 gene·

357 1148 504 1208 ralis
543 1146 1062 1227 Congregationis
1100 1145 1362 1206 fratrum
1397 1149 1460 1208 S.
1507 1147 1819 1207 Vincentii
1849 1169 1883 1207 a
1916 1145 2144 1219 Paule,
2180 1146 2243 1207 S.
2279 1144 2410 1206 Rit.
2450 1144 2612 1205 Con-

354 1243 703 1325 gregationi
733 1241 1080 1303 humillime
1111 1244 1423 1324 exposuit,
1460 1242 1778 1303 nonnullis
1808 1243 1873 1301 in
1900 1242 2074 1317 lociS,
2116 1263 2151 1301 a
2182 1241 2612 1302 sacerdotibus

355 1361 484 1399 suae
515 1338 822 1419 religiosae
866 1338 1388 1419 Congregationis
1431 1360 1636 1400 sacras
1676 1338 2030 1399 functiones
2072 1339 2316 1419 peragi,
2362 1338 2613 1398 missas·
2668 1348 2671 1353 '

355 1458 478 1517 que
507 1442 580 1495 ut
606 1436 944 1517 plurimum
969 1435 1270 1495 celebrari
1300 1436 1364 1494 in
1393 1435 1681 1495 oratoriis
1712 1435 1951 1516 piarum
1976 1436 2271 1495 Sororum
2305 1454 2412 1493 seu
2444 1432 2612 1493 Reli-

355 1533 702 1612 giosarum,
737 1554 876 1613 quae
915 1532 1239 1613 proprium
1279 1530 1702 1592 calendarium
1748 1553 1872 1591 non
1904 1531 2156 1591 habent.
2204 1530 2367 1589 Hinc
2409 1529 2609 1589 eidem

356 1629 420 1688 S.
457 1629 587 1688 Rit.
621 1627 1108 1707 Congregationi
1147 1647 1414 1707 sequens
1443 1627 1705 1688 dubium
1743 1649 1863 1687 una
1903 1648 2045 1688 cum
2082 1626 2399 1707 postulato
2430 1623 2609 1684 exhi-

352 1722 523 1797 buit,
559 1724 852 1784 nimirum
886 1742 899 1782 :

309 1816 317 1824 ’
438 1820 488 1879 1.
527 1819 784 1893 Utrum,
818 1820 883 1879 in
912 1839 1093 1893 casu,
1129 1819 1330 1879 missae
1371 1819 1641 1881 debeant
1682 1840 1816 1879 esse
1859 1818 2215 1884 conformes
2253 1816 2610 1877 calendario

355 1915 874 1995 Congregationis
904 1915 1167 1975 fratrum
1200 1915 1262 1974 S.
1299 1915 1615 1975 Vincentii
1645 1936 1680 1975 a
1710 1915 1930 1997 Pau10,
1964 1936 2044 1975 an
2074 1913 2428 1975 calendario
2458 1912 2610 1973 dioe-

356 2012 624 2072 cesano?
653 2012 762 2086 Et,
797 2019 1106 2093 quatenus
1133 2012 1422 2090 negative
1451 2012 1528 2071 ad
1559 2011 1821 2092 primam
1852 2018 2127 2092 partem,

441 2108 521 2167 11.
561 2107 790 2167 Orator
827 2107 1194 2188 suppliciter
1233 2106 1534 2186 efflagitat
1573 2106 1969 2187 privilegium
1999 2128 2125 2188 quo
2163 2126 2382 2166 omnes
2412 2124 2610 2164 sacer-

357 2204 540 2263 dotes
586 2224 714 2263 suae
763 2202 1286 2283 Congregationis
1328 2203 1392 2262 in
1435 2202 1622 2263 dictis
1666 2203 1955 2263 oratoriis
1997 2203 2248 2263 missam
2298 2200 2609 2262 celebrare

357 2300 607 2359 valeant
629 2300 810 2381 juxta
841 2300 1166 2381 proprium
1197 2299 1644 2375 calendarium,
1671 2308 1739 2359 ut
1770 2321 1848 2359 ex
1875 2298 2205 2360 identitate
2234 2298 2437 2358 missae
2468 2316 2609 2357 cum

354 2396 566 2457 officio
597 2395 798 2477 major
827 2396 890 2453 in
919 2395 1272 2455 celebrante
1304 2396 1501 2476 pietas
1533 2394 1842 2455 foveatur.

435 2492 622 2552 Sacra
652 2513 840 2573 porro
869 2491 1131 2553 Rituum
1165 2490 1605 2572 CongregatiO,
1646 2490 1955 2552 referente
1982 2489 2344 2564 secretariO,
2382 2511 2445 2548 re
2484 2509 2611 2549 ma-

357 2598 526 2662 ture,
561 2609 900 2671 perpensa,
929 2587 1398 2648 rescribendum
1431 2587 1712 2648 censuit:

435 2685 529 2744 Ad
580 2683 860 2744 dubium.
917 2683 1251 2762 Negative,
1293 2683 1371 2744 ad
1419 2683 1680 2764 primam
1733 2691 2005 2764 partem3
2050 2680 2475 2752 Affirmative,
2532 2681 2609 2741 ad

353 2780 713 2841 secundam.
787 2825 790 2830 -

435 2877 530 2936 Ad
564 2876 974 2958 postulatum.
1013 2877 1339 2956 Negativc.

434 2975 643 3053 Atque
674 2973 760 3032 ita
786 2972 1124 3053 rescripsit.

437 3069 552 3129 Die
588 3070 658 3128 17
679 3068 820 3149 julii
856 3071 1030 3128 1896.

717 3361 783 3419 5⁰
819 3359 1144 3442 Urqellen.
1188 3379 1295 3420 seu
1337 3357 1718 3420 Martialium
1752 3357 2179 3420 Clarissarum
2206 3357 2249 3417 ².

438 3585 526 3647 M.
561 3585 966 3646 Emmanuela
997 3585 1249 3660 Bala11s‚
1279 3585 1590 3645 abbatissa
1623 3591 1973 3644 conventus
1996 3578 2363 3643 Monialium
2388 3581 2615 3642 Claris-

357 3703 566 3742 sarum
597 3681 868 3742 civitatis
899 3681 1238 3762 Balagarii,
1277 3680 1659 3760 Urgellensis
1700 3680 1989 3750 dioecesis
2026 3679 2089 3738 in
2128 3677 2457 3758 Hispania,
2492 3699 2613 3737 una

357 3799 502 3839 cum
533 3778 824 3838 omnibus
853 3777 1131 3859 ejusdem
1163 3777 1633 3838 communitatis
1663 3776 2059 3848 monialibus»,
2094 3775 2157 3836 S.
2183 3775 2311 3836 Rit.
2334 3774 2614 3853 Congre-

359 3874 594 3956 gationi
625 3895 695 3934 ea
724 3894 864 3955 quoe
895 3881 1244 3954 sequuntur
1272 3872 1619 3933 humillime
1649 3873 1961 3954 exposuit,
1997 3871 2287 3931 nimirum
2314 3887 2329 3929 :

442 3973 513 4031 In
543 3969 802 4030 ecclesia
843 3977 1220 4042 conventus,
1254 3970 1318 4029 in
1355 3990 1477 4050 qua
1513 3969 1645 4051 jam
1685 3990 1796 4049 per
1833 3989 1942 4029 sex
1984 3975 2047 4028 et
2089 3965 2355 4048 amplius
2390 3964 2615 4026 saecula

359 4067 634 4126 officium
689 4066 972 4126 divinum
1031 4064 1439 4146 persolvitur,
1502 4065 1687 4126 missa
1744 4065 2176 4126 conventualis
2232 4061 2611 4130 celebratur,

424 4245 440 4278 ¹
473 4245 702 4293 Decreta
731 4243 903 4301 auth„
937 4259 990 4291 n.
1017 4248 1156 4302 3927,
1186 4246 1226 4292 t.
1255 4259 1336 4302 ιιι,
1369 4211 1423 4306 p.
1456 4249 1564 4293 320.

423 4320 445 4355 ²
473 4321 634 4378 lbid..
669 4337 722 4370 n.
755 4325 904 4380 3972,
937 4323 978 4370 t.
1011 4335 1092 4380 m,
1125 4336 1178 4384 p.
1211 4325 1322 4370 337.
