3192 5025
574 506 662 555 DE
699 506 865 556 JURE
905 506 1185 556 PUBLICO
1223 506 1557 557 ECCLESIAE
1595 507 1819 566 QUOAD
1858 508 2282 559 SEPULTURAS
2454 508 2549 561 371

283 672 692 737 promovere
730 650 1087 735 publicam
1124 672 1240 714 seu
1281 671 1708 715 communem
1754 651 2153 736 felicitatem
2194 661 2260 717 et
2301 655 2559 719 utilita-

298 773 432 829 tem
477 764 921 850 temporalem
969 765 1218 830 civium
1252 785 1387 849 pro
1433 772 1731 849 tempore
1780 767 1928 831 vitae
1956 768 2333 852 praesentis.
2381 768 2559 854 Ergo

297 877 649 943 saecularis
687 883 995 967 potestas
1026 878 1143 965 jus
1195 876 1399 944 habet
1437 878 1915 967 interponendi
1963 903 2157 945 suam
2197 882 2563 947 auctorita-

295 1001 473 1072 tem,
530 991 757 1079 quoad
815 991 1236 1080 sepulturaS‚
1303 992 1372 1056 in
1447 992 1530 1057 iis
1587 991 1904 1057 omnibus
1965 1017 2115 1081 quae
2181 994 2432 1061 directe
2498 1003 2566 1061 et

297 1088 696 1171 immediate
751 1105 1129 1193 respiciunt
1191 1107 1396 1170 finem
1451 1106 1685 1171 istum.
1736 1144 1827 1153 —
1878 1106 1980 1171 Ex
2044 1106 2171 1171 hoc
2235 1109 2565 1199 principio

303 1220 609 1308 generali
646 1225 1030 1307 sequuntur
1065 1218 1404 1307 praecipua
1433 1219 1590 1307 jura
1628 1219 1969 1285 saecularis
2010 1222 2411 1307 potestatis:

397 1334 463 1399 1⁰
500 1334 626 1399 Jus
672 1332 882 1399 habet
920 1332 1205 1398 cavendi
1253 1340 1322 1398 et
1360 1331 1641 1398 curandi
1698 1356 1847 1420 quae
1904 1333 2247 1399 intersunt
2282 1334 2570 1423 publica:

304 1447 750 1529 valetudiniS,
786 1453 855 1512 et
893 1446 1212 1536 proinde:
1249 1446 1309 1512 1.
1347 1447 1588 1526 Quoad
1620 1447 1841 1512 locum
1869 1448 2258 1533 sepulturae,
2284 1447 2571 1536 jubendi

303 1569 381 1628 ut
413 1561 804 1628 coemeteria
837 1561 976 1625 sint
1004 1568 1198 1626 extra
1229 1561 1416 1625 locos
1445 1560 1915 1641 habitationiS,
1947 1562 2155 1625 immo
2188 1568 2377 1627 extra
2410 1562 2573 1627 civi-

309 1684 490 1743 tates
542 1682 612 1741 et
669 1675 951 1765 oppida,
1004 1697 1162 1739 cum
1200 1673 1656 1739 determinato
1696 1673 2059 1739 intervallo
2100 1675 2569 1763 interjectO...;

310 1792 376 1857 2.
425 1789 668 1868 Quoad
708 1788 1206 1854 ordinationem
1252 1792 1634 1873 fossarum,
1679 1795 1758 1853 ut
1795 1789 1932 1854 sint
1978 1788 2145 1855 satis
2185 1788 2569 1877 profundae,

311 1904 735 1969 sufficienter
771 1903 954 1968 inter
993 1925 1064 1967 se
1104 1902 1396 1981 distent,
1438 1924 1575 1965 non
1617 1911 2031 1968 renoventur
2074 1902 2208 1968 nisi
2247 1910 2403 1992 post
2439 1904 2578 1968 tale

311 2026 620 2105 tempuS‚
665 2023 797 2082 etc.

403 2132 472 2195 2⁰
501 2132 628 2197 Jus
666 2128 872 2195 habet
912 2128 1234 2211 cavendi,
1279 2135 1357 2194 ut
1393 2150 1529 2193 non
1561 2128 1752 2217 justo
1782 2129 1983 2195 citius
2021 2138 2139 2196 aut
2176 2132 2393 2197 serius
2431 2155 2580 2199 cor-

311 2270 482 2335 pora
506 2244 984 2310 defunctorum
1015 2241 1456 2330 sepeliantur,
1493 2263 1578 2307 ne
1606 2242 1867 2309 scilicet
1896 2244 2312 2330 sepeliantur
2349 2247 2582 2313 viven-

316 2369 422 2426 tes
461 2366 582 2425 aut
611 2358 758 2447 jam
798 2355 1122 2444 corrupti.

409 2475 482 2541 30
519 2474 644 2540 Jus
669 2470 878 2538 habet
917 2468 1227 2551 cavendi,
1271 2474 1348 2534 ut
1386 2492 1667 2560 corpora
1706 2469 2101 2556 occisorum,
2145 2471 2257 2538 vel
2294 2472 2582 2539 aliorum

315 2589 824 2666 defunctorum,
869 2586 952 2650 de
992 2607 1284 2673 quorum
1323 2584 1562 2649 mortis
1601 2607 1805 2649 causa
1844 2583 2139 2673 suspicio
2180 2592 2400 2668 extat,
2445 2610 2582 2652 non

317 2703 554 2769 statim
609 2701 1060 2789 sepeliantur,
1125 2697 1244 2763 sed
1296 2696 1727 2785 deponantur
1765 2697 1834 2762 in
1892 2698 2043 2762 loco
2096 2698 2579 2783 determinate,

319 2816 742 2882 medicorum
783 2821 850 2880 et
881 2813 1286 2901 juristarum
1327 2810 1968 2899 investigationibus
2007 2813 2431 2900 exponenda.

411 2933 484 2994 40
521 2929 855 3014 Tempore
892 2926 1140 3013 pestiS,
1177 2925 1293 3012 jus
1341 2923 1545 2991 habet
1574 2924 1863 3013 jubendi
1909 2931 1987 2991 ut
2024 2949 2305 3016 corpora
2342 2926 2583 2994 defun-

319 3055 591 3110 ctorum
633 3041 868 3107 statim
908 3046 975 3105 et
1015 3045 1198 3105 recta
1235 3039 1346 3103 via
1386 3039 1456 3103 in
1495 3039 1960 3104 coemeterium
1985 3040 2383 3125 inferantur,
2420 3043 2579 3131 quin

321 3159 517 3248 prius
556 3157 644 3222 ad
681 3154 1041 3220 ecclesiam
1073 3152 1524 3234 deducantur,
1570 3161 1701 3218 ete.
1746 3159 1875 3218 etc.

417 3387 609 3456 22⁹7.
652 3421 738 3434 —-
779 3381 1333 3452 Corollarium.
1384 3419 1471 3429 —-
1520 3381 1700 3466 Ergo
1746 3381 2094 3469 sepultura
2151 3391 2255 3448 est
2304 3386 2585 3450 materia

325 3503 576 3583 mixta,
621 3497 832 3563 finem
877 3495 1230 3583 utriusque
1279 3494 1659 3575 societatiS,
1712 3495 2189 3560 ecclesiasticae
2236 3519 2479 3585 nempe
2518 3505 2588 3564 et

322 3615 574 3694 civilis,
619 3611 873 3676 directe
913 3617 981 3674 et
1023 3607 1412 3673 immediate
1451 3608 1854 3696 respiciens,
1911 3608 2073 3674 licet
2111 3609 2333 3698 quoad
2376 3609 2585 3698 majo-

323 3753 472 3795 rem
511 3734 580 3794 et
617 3725 1030 3815 praecipuam
1073 3727 1337 3812 partem
1376 3719 1695 3810 respiciat
1740 3724 1945 3788 finem
1986 3724 2328 3790 Ecclesiae.
2375 3726 2578 3814 ErgO,

325 3846 504 3909 sicut
530 3839 834 3908 Ecclesia
871 3839 941 3902 in
981 3837 1188 3902 variis
1227 3835 1621 3923 regionibus
1660 3860 1731 3902 se
1772 3836 2065 3903 libenter
2093 3837 2367 3927 subjicit
2404 3840 2585 3904 ordi—

290 3935 722 4023 ⁸nationibus
774 3976 943 4042 quas
997 3951 1336 4018 saecularis
1382 3957 1687 4038 potestas
1749 3951 1925 4016 intra
1987 3949 2241 4018 limites
2298 3953 2403 4018 sui
2458 3952 2586 4019 fori

327 4069 664 4151 decernit,
710 4067 808 4134 sic
838 4074 908 4133 et
944 4066 1182 4132 Status
1212 4072 1484 4132 tenetur
1512 4087 1997 4151 recognoscere
2037 4071 2105 4131 et
2143 4065 2371 4132 fovere
2410 4067 2589 4132 ordi-

330 4187 645 4250 nationes
683 4205 858 4270 quas
895 4181 1187 4268 ipsamet
1227 4179 1531 4244 Ecclesia
1570 4179 1643 4244 in
1683 4202 1806 4245 suo
1846 4179 1990 4244 foro
2031 4180 2356 4247 decernit.
