3192 5025
1150 1291 1581 1376 CAPUT
1658 1293 1842 1376 VII

427 1719 530 1774 DE
585 1719 1060 1775 IMMUNITATE
1117 1721 1642 1777 ECCLESIARUM
1697 1721 1796 1775 AB
1854 1719 2125 1776 USIBUS
2181 1720 2557 1776 PROFANIS

453 2263 548 2330 N.
583 2264 666 2328 B.
700 2303 791 2312 —-
821 2262 1226 2329 Immunitas
1267 2264 1497 2330 localis
1533 2264 1999 2348 ecclesiarum,
2043 2265 2126 2330 de
2164 2288 2298 2354 qua
2335 2265 2446 2331 hic
2484 2265 2623 2352 agi-

353 2385 476 2443 tur
499 2381 550 2461 ¹,
603 2377 739 2443 duo
777 2378 1105 2466 importat
1139 2397 1154 2446 :
1197 2401 1436 2462 unum,
1479 2379 1688 2467 quod,
1722 2377 1811 2444 ob
1850 2379 2302 2446 reverentiam
2339 2378 2423 2444 iis
2459 2379 2628 2445 locis

352 2492 702 2575 debitam,
745 2493 912 2559 certi
948 2493 1236 2579 quidam
1281 2500 1472 2559 actus
1510 2493 1581 2559 ἰη
1620 2492 1712 2559 eis
1758 2494 2055 2560 exerceri
2082 2494 2629 2581 prohibeantur-,⁸

347 2647 452 2658 —
488 2608 819 2688 alterum,
863 2608 1050 2695 quod
1086 2607 1172 2673 ad
1213 2628 1286 2673 se
1326 2607 1877 2695 confugientibus
1914 2610 2187 2695 asylum
2228 2608 2628 2673 inviolatum

353 2720 740 2813 proebeant.
786 2722 887 2787 De
912 2722 1084 2808 Jure
1121 2722 1300 2807 asyli
1328 2722 1554 2809 agitur
1590 2722 1661 2787 in
1701 2722 1921 2810 capite
1962 2722 2297 2811 sequenti.

449 2950 592 3019 44.
632 2987 720 3000 —
756 2950 1010 3017 Actus
1048 2948 1434 3035 prohibiti
1472 2950 1559 3016 in
1597 2948 1954 3018 ecclesiis
1982 2950 2030 3017 ².

453 3064 522 3129 1⁰
558 3063 1034 3129 Prohibentur·
1082 3065 1152 3128 in
1200 3064 1489 3128 ecclesiis
1513 3064 1784 3149 judicia
1830 3062 2211 3147 saecularia,
2262 3065 2391 3130 suh
2420 3088 2621 3152 poena

355 3179 726 3244 nullitatis.
760 3215 848 3226 —
895 3175 1184 3242 Constat
1222 3193 1238 3241 ἰ

447 3316 513 3359 a.
568 3290 739 3379 Cap.
798 3290 976 3355 Cum
1026 3290 1334 3373 ecclesia,
1396 3290 1470 3371 5,
1530 3290 1631 3355 Dr:
1683 3312 2075 3357 mnium-run
2125 3312 2552 3359 nccnnsunnm
2594 3309 2614 3361 2

355 3434 392 3467 «
439 3406 816 3473 Saeculares
837 3404 1106 3492 judiees
1143 3426 1413 3486 causas»,
1442 3402 1562 3468 ubi
1599 3405 1680 3469 de
1705 3406 2057 3491 Sanquinii?
2086 3407 2409 3490 effusione
2444 3414 2510 3470 et
2536 3408 2617 3473 de

353 3520 702 3606 corporali
730 3540 934 3604 poena
972 3518 1221 3605 agitur,
1264 3517 1334 3581 in
1373 3517 1681 3583 ecclesiis
1726 3517 1838 3583 vel
1886 3520 2290 3585 coemeteriis
2328 3520 2607 3606 agitare,

351 3634 486 3701 sub
533 3631 1086 3698 interminatione
1125 3630 1574 3697 anathematis
1622 3631 2091 3721 prohibemus;
2143 3660 2175 3694 »
2230 3632 2341 3698 hie
2387 3635 2613 3722 prohi-

350 3748 606 3814 bentur
633 3746 892 3835 judicia
929 3746 1278 3812 saecularia
1315 3746 1722 3813 criminalia.

445 3862 516 3929 h.
561 3862 730 3950 Cap.
772 3861 1006 3944 Decet,
1060 3861 1134 3942 2,
1188 3861 1338 3926 eod.
1383 3859 1521 3943 tit„
1574 3860 1646 3925 in
1693 3861 1784 3925 VI
1836 3861 1956 3947 (ex
2003 3862 2290 3927 concilio
2338 3862 2611 3951 Lugdu-

415 4066 436 4101 ¹
469 4066 554 4114 De
593 4066 938 4115 immunitate
975 4065 1262 4128 personali
1302 4065 1652 4127 clericorum,
1696 4067 1753 4114 et
1803 4065 1871 4113 de
1914 4066 2256 4115 immunitate
2300 4066 2439 4116 reali
2479 4067 2607 4116 alibi

349 4158 384 4192 a
425 4146 549 4193 'tun

385 4160 442 4266 g:
473 4230 553 4279 Cr.
593 4229 906 4279 canonistas
943 4231 997 4278 in
1037 4231 1121 4280 tit.
1155 4230 1232 4279 De
1263 4230 1607 4279 immunitate
1644 4231 1791 4289 eccl„
1834 4233 2135 4295 praesertim
2172 4233 2527 4283 Reiffenstuel
2554 4236 2609 4285 et

352 4306 864 4372 Schmalzgrueber3
897 4334 954 4344 —
985 4308 1207 4368 Sum-ez,
1247 4306 1320 4357 De
1356 4308 1650 4373 reliyione‚
1683 4312 1842 4359 tract.
1874 4308 1954 4369 ΙΙ,
1988 4310 2082 4358 lib.
2117 4309 2220 4371 111,
2253 4326 2371 4374 cap.
2408 4327 2607 4363 w-vu.
