3192 5025
614 479 718 533 210
1493 484 1580 534 DE
1617 483 1983 536 ALTARIBUS

610 625 670 690 si
718 635 900 690 mota
945 625 1058 692 vel
1112 627 1479 692 enormiter
1531 626 1747 694 fracta
1802 627 2037 710 fuerit,
2088 628 2285 694 debet
2337 650 2471 694 non
2524 630 2871 696 immerito

609 741 1008 806 consecrari.
1050 768 1083 801 »
1123 737 1325 819 Quod
1361 740 1611 808 dicitur
1646 741 1855 806 etiam
1893 764 2043 831 cap.
2075 740 2195 806 Ad
2224 741 2385 823 haec,
2422 740 2485 824 1,
2514 743 2666 808 eod.
2710 744 2865 811 tit.:

613 879 645 913 κ
689 852 761 918 Si
809 853 1020 921 altare
1071 862 1334 920 motum
1383 854 1702 938 fuerit,...
1753 856 1950 922 dehet
1993 857 2216 922 denuo
2262 857 2642 922 consecrari
2654 876 2685 940 ‚·
2716 886 2749 916 ι»
2793 865 2869 924 et

607 989 755 1057 cap.
796 968 1094 1054 Liqnmh,
1140 969 1216 1050 6,
1259 968 1410 1035 eod.
1453 969 1564 1036 tit.

691 1081 889 1149 Unde
925 1103 940 1150 :

695 1199 756 1261 1.
801 1197 894 1265 Ut
929 1197 1142 1262 altare
1181 1197 1272 1262 sit
1311 1205 1762 1279 exsecratum,
1806 1220 1944 1263 non
1982 1197 2350 1286 requiritur
2386 1204 2465 1265 ut
2502 1197 2735 1264 tabula
2770 1199 2867 1264 sit

600 1311 876 1375 omnino
903 1317 1219 1400 separata
1256 1335 1296 1376 a
1334 1310 1566 1399 stipite
1608 1316 1678 1376 et
1714 1311 1785 1375 in
1822 1310 1957 1376 alio
1986 1311 2094 1377 loc
2124 1312 2422 1400 oposita3
2459 1311 2581 1377 sed
2608 1311 2865 1376 sufficit

597 1431 676 1490 ut
712 1425 802 1490 sit
837 1425 1185 1490 sublevata
1223 1447 1262 1490 a
1299 1425 1560 1511 stipite,
1593 1423 1757 1490 licet
1792 1424 1936 1491 hoec
1974 1424 2357 1492 sublevatio
2385 1425 2505 1491 fiat
2544 1425 2629 1490 ad
2664 1448 2863 1514 repo-

595 1537 898 1604 nendum
951 1545 1356 1604 caementum
1415 1545 1534 1604 aut
1585 1539 1934 1604 addendos
1984 1546 2103 1604 aut
2152 1539 2518 1605 mutandos
2566 1539 2855 1627 lapideS.

593 1689 683 1703 —
720 1652 923 1718 Ratio
961 1659 1068 1719 est
1105 1652 1289 1741 quia,
1333 1652 1421 1718 ad
1465 1653 2038 1736 exsecrationem,
2083 1653 2335 1718 sufficit
2380 1659 2460 1718 ut
2496 1651 2728 1719 tabula
2766 1653 2861 1718 sit

596 1775 811 1850 mota,
868 1765 1052 1855 quod
1101 1765 1509 1832 vocabulum
1566 1765 1786 1832 tribus
1836 1765 2099 1832 vicibus
2151 1767 2223 1831 in
2266 1767 2420 1854 jure
2477 1765 2859 1832 adhibitum

592 1885 734 1960 est;
779 1902 979 1968 porro
1018 1879 1106 1945 ad
1142 1880 1271 1945 hoc
1309 1879 1560 1946 sufficit
1596 1879 1922 1968 praedicta
1958 1881 2363 1964 sublevatio,
2406 1886 2476 1946 et
2512 1879 2609 1946 sic
2649 1880 2859 1946 inter-

589 2000 858 2082 pretata
897 2002 1003 2058 est
1040 1993 1109 2060 S.
1157 1993 1409 2082 Congr.
1454 1993 1594 2060 Rit.
1620 1999 1666 2062 ¹.

683 2107 748 2172 2.
793 2107 1031 2172 Altare
1080 2129 1218 2172 non
1266 2114 1681 2189 exsecratur,
1726 2109 1787 2172 si
1827 2116 2047 2174 totum
2056 2159 2078 2192 ,
2132 2131 2378 2196 nempe
2417 2131 2573 2174 cum
2620 2106 2856 2173 tabula

592 2227 662 2288 et
710 2221 940 2310 stipite
986 2221 1499 2288 remanentibus
1551 2223 1933 2310 conjunctis
1950 2276 1965 2303 ,
2021 2222 2471 2288 transferatur
2520 2222 2591 2286 in
2642 2220 2857 2286 alium

593 2335 844 2402 locum.
907 2335 1098 2401 Licet
1160 2337 1344 2401 enim
1392 2337 1680 2416 dicatur,
1743 2337 1857 2402 cit.
1922 2359 2069 2424 cap.
2133 2335 2252 2401 Ad
2304 2336 2465 2420 haec,
2528 2336 2586 2401 si
2635 2336 2856 2400 altare

595 2457 861 2517 motum
898 2449 1134 2531 fuerit,
1169 2448 1341 2515 illud
1379 2450 1751 2531 exsecrari,
1789 2449 1917 2515 hoc
1946 2448 2355 2516 vocabulum
2394 2449 2608 2515 altare
2646 2449 2857 2514 intel-

591 2565 718 2653 ligi
768 2563 970 2631 debet
989 2566 1034 2647 ²,
1078 2587 1216 2629 non
1268 2565 1352 2629 de
1408 2572 1546 2629 toto
1585 2565 1817 2649 altari,
1871 2565 1992 2630 sed
2034 2542 2124 2631 ‘de
2180 2564 2415 2629 tabula
2463 2563 2731 2643 altariS‚
2774 2569 2856 2627 ut

593 2687 785 2769 patet
822 2686 1150 2746 contextu
1189 2688 1258 2745 et
1316 2684 1394 2744 ut
1443 2688 1799 2768 exponunt
1855 2678 1988 2745 duo
2036 2679 2169 2746 alia
2218 2680 2332 2746 cit.
2388 2680 2609 2767 capita
2658 2678 2859 2755 Quod

597 2796 666 2859 in
723 2795 951 2859 dubiis
1006 2801 1074 2859 et
1137 2794 1434 2880 LiqneiS.
1505 2792 1592 2858 Et
1648 2794 1743 2859 ita
1805 2794 2051 2859 docent
2098 2794 2516 2882 peritiores³.
2567 2832 2655 2843 --
2710 2793 2853 2859 Nec-

597 2908 804 2975 etiam
842 2916 1234 2974 exsecratur
1271 2907 1518 2989 altare,
1561 2908 1652 2989 si,
1696 2908 1765 2971 in
1806 2908 2071 2997 stipite,
2107 2914 2457 2974 mutentur
2496 2908 2856 2992 inferiores

601 3022 887 3108 lapides,
947 3020 1147 3086 modo
1194 3028 1592 3087 remaneant
1629 3021 1869 3087 intacti
1916 3021 1989 3086 hi
2024 3020 2286 3109 lapides
2324 3020 2569 3110 quibus
2616 3021 2857 3085 imme-

601 3135 781 3201 diate
819 3136 1060 3201 nititur
1097 3134 1327 3201 tabula
1343 3138 1386 3200 ⁴.

691 3251 755 3318 3.
793 3249 1158 3315 Exsecrato
1195 3249 1394 3315 altari
1413 3272 1546 3336 per
1574 3250 1939 3315 motionem
1972 3248 2241 3332 tabulae,
2278 3250 2420 3315 haec
2449 3272 2685 3314 mensa
2710 3272 2851 3314 non

600 3371 830 3454 potest
867 3362 1168 3429 adhiberi
1215 3386 1336 3453 per
1382 3362 1662 3429 modum
1710 3362 1945 3428 altaris
1990 3362 2362 3451 portatilis.
2408 3362 2565 3451 quia
2602 3362 2848 3445 altare,

603 3486 672 3544 et
706 3479 990 3567 proinde
1031 3500 1269 3543 omnes
1319 3478 1466 3565 ejus
1513 3483 1742 3566 partes
1790 3483 1952 3542 sunt
1998 3477 2398 3566 simpliciter
2444 3485 2836 3543 exsecratae.

695 3707 884 3776 122.
923 3746 1012 3757 —
1049 3707 1122 3771 20
1158 3708 1403 3772 Altare
1440 3715 1855 3790 exsecratur,
1889 3707 1948 3771 si
1980 3728 2204 3771 mensa
2242 3728 2357 3771 seu
2391 3705 2623 3771 tabula
2652 3728 2854 3771 enor-

662 3914 680 3947 ¹
719 3914 784 3962 V.
816 3930 886 3976 g..
920 3913 972 3960 in
1001 3910 1386 3976 Senoyallien„
1421 3914 1478 3958 15
1505 3911 1631 3959 maii
1658 3915 1779 3959 1819
1808 3909 2056 3973 (Decreta
2084 3908 2417 3966 authentica,
2450 3924 2501 3957 n.
2535 3912 2683 3967 2599,
2712 3910 2752 3957 t.
2788 3925 2851 3965 ιι,

597 4006 651 4055 p.
685 3994 830 4054 187),
862 3996 918 4039 et
957 3992 1009 4038 in
1048 3987 1433 4053 Neapolitana,
1467 3994 1526 4037 23
1563 3988 1671 4037 feb.
1704 3992 1825 4037 1883
1856 3988 2215 4051 (Gardellini,
2246 3989 2407 4051 App„
2438 4003 2491 4035 n.
2519 3987 2691 4049 5907).

659 4070 682 4105 ²
715 4070 988 4132 Quidquid
1017 4070 1206 4118 dicunt
1235 4068 1426 4130 aliqui,
1451 4082 1503 4115 v.
1535 4082 1608 4129 g„
1637 4066 1925 4125 Gonzalcz,
1956 4068 2009 4113 in
2042 4066 2136 4115 cit.
2168 4080 2285 4128 cap.
2314 4066 2400 4114 Ad
2430 4066 2566 4123 hoec,
2600 4080 2649 4115 n.
2688 4069 2767 4117 15.

659 4150 680 4184 ³
715 4150 780 4199 V.
812 4164 882 4211 g.‚
915 4146 1146 4205 Giraldi,
1180 4148 1320 4209 part.
1359 4144 1408 4203 1,
1440 4148 1574 4194 sect.
1607 4159 1789 4203 nxcxx,
1822 4149 1847 4205 5
1883 4143 2124 4194 Dubium
2156 4146 2361 4202 tamen,
2394 4158 2446 4206 p.
2479 4147 2595 4203 ⁴195
2626 4170 2683 4181 --
2716 4143 2861 4193 Gar-.

593 4226 806 4284 dellini,
841 4228 970 4274 nota
997 4226 1050 4273 in
1076 4226 1168 4274 cit.
1199 4222 1599 4287 Senoqallicn.,·
1636 4223 1867 4273 Decreta
1895 4223 2071 4283 auth„
2102 4226 2139 4271 t.
2174 4238 2245 4282 nr,
2276 4238 2329 4286 p.
2358 4227 2465 4270 191.

654 4305 676 4339 ⁴
711 4304 799 4352 Sic
825 4303 999 4360 Rem„
1031 4302 1086 4350 in
1116 4303 1202 4352 tit.
1237 4301 1311 4349 De
1340 4314 1579 4350 consecr.
1614 4301 1762 4361 eccl„
1795 4316 1847 4349 n.
1880 4304 1958 4350 38.
