3192 5025
725 464 812 513 DE
847 462 1230 514 NEGATIONE
1267 462 1788 517 ECGLESIASTIGAE
1828 467 2235 519 SEPULTURAE
2502 466 2609 519 359

347 607 626 674 tatibus,
673 644 762 655 —
799 606 998 687 Quod
1055 608 1482 673 confirmavit
1527 590 1844 675 Clemens
1897 611 2093 691 VIII,
2142 620 2357 677 const.
2407 612 2608 676 Illius

349 725 552 806 vices,
601 720 680 787 17
721 743 876 807 aug.
925 721 1164 787 1592¹.

440 860 496 902 c.
547 835 822 899 Rituale
875 857 1271 920 romanum,
1329 837 1587 902 editum
1624 838 1824 925 jussu
1866 840 2063 905 Pauli
2108 841 2189 921 V,
2233 862 2344 906 an.
2397 840 2603 921 1614,

348 950 722 1019 declaravit
750 972 1024 1036 poenam
1055 948 1140 1015 ab
1171 950 1254 1015 iis
1284 951 1533 1017 incurri
1565 979 1596 1013 «
1630 954 1897 1019 etiamsi
1927 962 2084 1019 ante
2116 953 2378 1020 obitum
2408 953 2609 1019 dede-

347 1067 488 1131 rint
523 1064 942 1152 poenitentiae
981 1064 1178 1158 signa
1211 1093 1270 1129 ».

439 1181 509 1244 d.
543 1178 844 1244 Tandem
863 1230 878 1261 ,
915 1177 1188 1243 obortas
1216 1177 1446 1265 plures
1487 1182 1983 1247 controversias
2012 1182 2421 1248 Benedictus
2450 1181 2609 1247 XIV

349 1294 645 1374 diremit,
685 1301 902 1357 const.
935 1293 1436 1379 Detestabilem,
1475 1296 1558 1360 10
1593 1318 1753 1360 nov.
1798 1295 1995 1377 1752,
2028 1300 2061 1380 ξ
2090 1296 2131 1362 9
2156 1301 2201 1379 ²,
2236 1296 2608 1363 decernens

352 1416 424 1475 et
453 1408 806 1473 declarans
833 1426 848 1473 :
881 1434 913 1468 «
949 1406 1334 1493 Sepulturae
1367 1432 1574 1475 sacrae
1606 1409 2084 1497 privationem,
2119 1434 2157 1475 a
2184 1418 2609 1476 sacrosancta

350 1522 536 1587 Trid.
575 1521 847 1609 synodo
891 1520 1218 1586 inflictam
1267 1523 1713 1590 morientibus
1757 1524 1827 1589 in
1870 1524 2019 1590 loco
2072 1524 2283 1590 duelli
2330 1531 2400 1591 et
2448 1547 2609 1589 con-

351 1636 612 1717 flictuS,
655 1635 1132 1701 incurrendam
1173 1643 1502 1723 perpetuo
1552 1637 1726 1722 fore,
1776 1639 1980 1703 etiam
2018 1648 2171 1704 ante
2208 1640 2611 1704 sententiam

337 1752 650 1838 judici8‚·
693 1788 784 1798 —
830 1773 867 1814 a
905 1750 1257 1815 decedente
1305 1774 1577 1838 quoque
1624 1760 1820 1817 extra
1873 1755 2093 1819 locum
2142 1755 2493 1841 conflictus
2526 1774 2613 1817 ex

353 1865 629 1930 vulnere
680 1865 930 1928 ibidem
977 1873 1242 1949 accepto
1255 1916 1278 1949 ,
1321 1904 1409 1914 —
1443 1867 1578 1931 sive
1624 1867 1935 1933 duellum
1974 1868 2249 1954 publice
2292 1867 2427 1932 sive
2456 1868 2613 1953 pri-

351 1980 562 2045 vatim
639 1979 972 2043 indictum
1046 1981 1297 2063 suerit,
1367 2018 1456 2029 —
1519 2004 1595 2046 ac
1661 1982 1925 2047 etiamsi
1988 1982 2387 2049 vulneratus
2460 1988 2613 2046 ante

354 2101 646 2159 mortem
703 2114 834 2157 non
895 2094 1148 2157 incerta
1195 2094 1607 2179 poenitentiae
1660 2096 1855 2182 siqna
1912 2096 2207 2180 dederit,
2262 2134 2353 2144 —
2405 2104 2611 2181 atque

349 2234 390 2273 a
433 2208 728 2293 peccatis
773 2214 839 2271 et
883 2208 1186 2272 censuris
1233 2209 1727 2275 absolutionem
1778 2211 2173 2277 obtinuerit.
2216 2238 2249 2272 »
2288 2250 2377 2260 —-
2416 2208 2613 2287 Quod

350 2323 598 2389 attinet
623 2322 710 2386 ad
749 2321 1063 2386 ultimam
1091 2322 1295 2387 istam
1332 2323 1742 2405 clausulam,
1778 2348 2023 2412 nempe
2053 2345 2069 2393 z
2113 2326 2377 2390 etiamsi
2412 2325 2607 2409 siqna

341 2438 754 2524 poenitentiae
821 2435 1116 2520 dederit,
1181 2445 1303 2501 aut
1362 2438 1566 2502 etiam
1631 2440 1849 2523 suerit
1912 2439 2297 2524 absolvam,
2364 2444 2607 2502 notant

351 2553 584 2641 plures
640 2551 954 2617 doctores
1005 2573 1154 2614 eam
1203 2575 1344 2616 non
1401 2574 1550 2618 esse
1607 2553 1675 2615 in
1728 2576 1858 2618 usu
1908 2554 1981 2617 in
2032 2552 2289 2634 Gallia,
2342 2553 2435 2618 ita
2492 2559 2599 2634 ut,

349 2668 618 2756 quoties
676 2671 946 2731 constat
1009 2665 1488 2730 moribundum
1555 2667 1751 2754 signa
1816 2666 2233 2753 poenitentiae
2299 2666 2598 2746 dedisse,

349 2781 570 2870 possit
605 2779 881 2867 sepeliri
899 2781 944 2845 ³.

441 2895 514 2960 3ο
563 2895 693 2971 Qui
747 2903 1236 2958 consueverunt
1291 2895 1540 2960 violare
1592 2903 2011 2980 praeceptum
2064 2896 2143 2960 de
2195 2896 2606 2980 consessione

349 3033 580 3077 annua
619 3017 683 3074 et
721 3009 1192 3074 communione
1221 3009 1554 3093 paschali.
1579 3047 1667 3058 ——
1708 3008 1963 3075 Contra
1992 3011 2116 3075 hos
2154 3032 2425 3096 poenam
2462 3009 2601 3096 pri-

349 3125 642 3192 vationis
689 3124 1059 3211 sepulturae
1098 3123 1486 3188 christianae
1537 3125 1836 3210 primum
1884 3126 2041 3190 tulit
2088 3148 2277 3190 conc.
2324 3125 2604 3189 Latera-

345 3262 560 3306 nense
600 3237 716 3318 IV,
766 3261 875 3303 an.
925 3237 1122 3318 1215,
1171 3235 1421 3302 celebri
1465 3260 1724 3302 canone
1770 3237 2003 3303 Omnis
2044 3240 2431 3324 utriusque,
2474 3237 2557 3300 21
2584 3239 2607 3278 ⁴

375 3386 456 3413 =
487 3377 632 3441 cap.
671 3352 904 3419 Omnis
947 3352 1336 3437 utriusque,
1385 3351 1498 3433 12,
1536 3352 1639 3416 Dr.
1668 3373 1893 3417 roim-r.
1936 3373 2017 3417 m·
2048 3351 2358 3438 Rmss.);
2396 3373 2599 3439 quam

345 3490 620 3555 poenam
674 3467 770 3532 sic
822 3465 1192 3554 expressit,
1247 3465 1372 3531 loc.
1421 3467 1562 3550 cit„
1616 3489 1687 3531 n.
1732 3467 1807 3548 6,
1863 3467 2134 3532 Rituale
2188 3487 2547 3530 romanum
2576 3487 2601 3529 .·

352 3609 384 3642 «
429 3581 520 3647 Iis
555 3581 826 3669 (negari
869 3579 1073 3646 debet
1115 3581 1544 3666 sepultura),
1568 3581 1655 3644 de
1704 3581 1949 3668 quibus
1987 3580 2255 3668 publice
2293 3585 2595 3660 constat,

411 3743 426 3777 ¹
466 3743 611 3792 Ball.
643 3743 814 3801 Rom„
849 3746 889 3792 t.
922 3759 973 3801 v,
1000 3747 1142 3804 part.
1171 3743 1212 3803 1,
1246 3759 1300 3806 p.
1333 3748 1442 3792 386.

407 3823 432 3858 ²
463 3823 610 3872 Bau.
642 3821 866 3880 Benod„
896 3823 936 3870 t.
969 3838 1042 3880 w,
1073 3837 1127 3870 n.
1155 3827 1201 3869 6.

407 3903 430 3936 ⁸
465 3901 548 3951 Ita
573 3901 836 3958 Gousset,
871 3899 1162 3965 Theoloqie
1193 3901 1422 3957 morale,
1457 3903 1540 3949 ed.
1577 3901 1752 3959 Paris,
1790 3905 1935 3959 1858,
1961 3905 1999 3949 t.
2035 3917 2095 3958 ιι,
2120 3916 2171 3948 ιι.
2194 3904 2314 3960 636;
2338 3925 2394 3936 —-
2424 3898 2596 3956 Icard,

347 3978 727 4031 Praelectiones
750 3978 906 4042 juris
943 3977 1218 4037 canonici,
1251 3981 1290 4027 t.
1333 3994 1414 4037 ιιι,
1458 3993 1508 4026 n.
1553 3984 1669 4040 7513
1713 4007 1773 4016 --
1812 3979 2091 4039 Craisson,
2127 3979 2199 4028 De
2232 3980 2283 4027 la
2316 3976 2599 4041 sepulture

346 4057 780 4122 eccle-siastique,
812 4073 866 4105 n.
899 4062 1015 4118 252,
1041 4058 1302 4116 Valence,
1331 4061 1482 4116 1868,
1515 4073 1566 4120 p.
1602 4063 1719 4118 1093
1747 4087 1799 4094 —
1832 4059 1978 4121 quod
2011 4058 2173 4107 etiam
2203 4057 2464 4121 implicite
2494 4058 2602 4104 tra-

343 4139 428 4188 dit
453 4153 608 4186 conc.
635 4137 1043 4196 Avenionense‚
1071 4139 1218 4194 1849,
1251 4137 1336 4186 tit.
1361 4152 1414 4193 ν,
1444 4151 1496 4184 n.
1529 4139 1584 4196 -1,
1618 4138 1925 4194 Avenione‚
1954 4141 2070 4186 1851
2088 4173 2103 4199 ,
2131 4153 2186 4199 p.
2216 4142 2293 4186 66.
2320 4163 2379 4172 —
2399 4135 2599 4184 Contra

347 4231 478 4266 vero
507 4217 764 4274 Moulart‚
795 4215 873 4264 De
900 4216 1210 4279 sepultura,
1239 4229 1292 4277 p.
1325 4219 1434 4264 281.

409 4297 434 4330 ⁴
467 4295 671 4354 Mansi,
705 4293 975 4352 Concilia,
1009 4296 1048 4342 t.
1081 4309 1216 4353 xm,
1247 4294 1352 4344 col.
1385 4299 1526 4344 1007.
