3192 5025
1228 537 1317 586 DE
1353 535 1672 586 BASILICIS
2481 524 2579 578 ¹23

415 675 489 739 2⁰
528 675 940 763 Conopoeum
978 686 1085 744 est
1129 701 1455 766 magnum
1500 675 1975 744 umbraculum
2021 675 2236 740 instar
2270 671 2581 738 taberna-

318 788 463 854 culi
515 789 769 879 (tente)
829 791 1267 880 dispositum,
1321 794 1547 880 longis
1599 792 1966 858 deductum
2023 788 2252 854 fasciis
2313 786 2576 867 linteis,

316 903 812 970 alternantium
871 905 1174 971 colorum
1230 907 1393 971 flavi
1444 914 1513 973 et
1566 905 1754 972 rubri
1778 909 1821 970 ¹.
1883 943 1972 954 -—
2010 902 2248 982 Quoad
2295 923 2581 988 cappam

319 1040 671 1104 maynam,
716 1042 852 1106 qua
890 1020 1299 1087 decorantur
1335 1021 1642 1086 canonici
1679 1019 1977 1118 basilicae
2025 1017 2122 1082 sic
2169 1021 2442 1100 erectae,
2487 1015 2583 1080 ait

314 1130 747 1200 Gardellini:
814 1161 846 1194 «
898 1132 978 1198 In
1032 1133 1339 1200 vestibus
1395 1157 1556 1201 vero
1615 1132 2004 1201 choralibus
2063 1153 2276 1218 cappa
2333 1151 2581 1216 magna

312 1243 621 1333 pellibus
682 1247 1057 1313 armellinis
1118 1255 1354 1314 ornata
1428 1249 1499 1314 in
1564 1247 1888 1315 anteriori
1959 1253 2151 1333 parte
2169 1298 2184 1326 ,
2252 1266 2376 1332 per
2442 1242 2580 1307 hie-

314 1380 537 1441 mem,
582 1365 651 1424 et
700 1366 884 1426 cotta
940 1384 1145 1449 super
1194 1363 1654 1444 rocchettum,
1717 1385 1872 1428 cum
1923 1381 2138 1446 cappa
2190 1355 2576 1445 deponitur,

316 1495 446 1560 per
480 1473 797 1538 aestivum
836 1480 1109 1563 tempus
1130 1477 1175 1542 ³.
1226 1505 1260 1538 υ

414 1586 487 1653 3⁰
526 1587 831 1654 Ecclesia
870 1595 1098 1655 erecta
1134 1590 1205 1655 in
1242 1589 1594 1656 basilicam
1634 1590 1966 1655 minorem
2005 1593 2311 1653 remanet
2345 1585 2416 1650 in
2458 1607 2580 1650 suo

317 1698 585 1782 ordine,
626 1723 695 1765 v.
740 1724 839 1789 g.,
883 1702 1325 1768 ecclesiarum
1363 1702 1850 1791 parochialium
1887 1701 2000 1766 vel
2037 1699 2576 1786 collegiatarum,

316 1818 393 1878 et
456 1812 606 1878 ideo
658 1813 919 1880 nullam
976 1816 1266 1904 acquirit
1320 1816 1902 1905 praeeminentiam
1967 1835 2172 1902 super
2226 1811 2581 1877 ecclesiam

317 1926 581 1992 ordinis
620 1928 1019 2015 superioris3
1064 1930 1159 1994 sic
1198 1930 1558 2017 collegiata
1575 1982 1591 2012 ,
1635 1931 1797 1996 licet
1834 1935 2057 1995 erecta
2093 1927 2165 1992 in
2204 1925 2577 2006 basilicam,

318 2063 461 2105 non
502 2041 825 2129 praecedit
861 2042 1259 2111 cathedrali.
1302 2045 1501 2112 Unde
1520 2097 1535 2127 ,
1578 2044 1651 2109 in
1695 2042 2016 2109 brevibus
2052 2040 2418 2131 pontificiis
2456 2039 2580 2105 eri—

316 2153 645 2242 gentibus
696 2157 1020 2222 ecclesias
1058 2158 1479 2246 parochiales
1525 2165 1646 2224 aut
1701 2157 2098 2244 collegiatas
2146 2157 2213 2220 in
2266 2154 2582 2221 basilicas

318 2268 654 2351 minoreS,
700 2293 878 2358 saepe
918 2279 1351 2360 apponuntur
1388 2273 1850 2339 restrictiones
1889 2273 2116 2360 quoad
2141 2292 2344 2336 usum
2382 2291 2582 2334 orna-

318 2391 743 2466 mentorum,
777 2407 861 2451 ne
894 2385 1155 2452 scilicet
1194 2386 1356 2475 quid
1386 2386 1776 2452 detrimenti
1807 2386 2030 2475 capiat
2063 2383 2348 2450 ecclesia
2386 2406 2582 2470 supe-

314 2497 459 2562 rior
476 2498 523 2563 ³.

412 2610 487 2677 40
542 2612 978 2701 Singularem
1053 2616 1473 2681 mentionem
1539 2624 1840 2681 meretur
1903 2614 2188 2682 ecclesia
2250 2611 2578 2700 regularis

315 2724 394 2792 S.
442 2726 810 2810 Francisci,
855 2729 1105 2795 Assisii
1134 2730 1295 2812 sita,
1340 2753 1492 2818 quae
1530 2754 1569 2797 a
1609 2730 1979 2795 Benedicto
2019 2728 2174 2793 XIV
2214 2734 2436 2794 erecta
2475 2732 2580 2790 est

318 2839 392 2905 in
439 2840 793 2907 basilicam
842 2844 1384 2929 patriarchalem
1441 2851 1509 2909 et
1554 2845 1885 2930 capellam
1922 2843 2274 2929 papalem,
2325 2841 2395 2906 in
2444 2862 2579 2929 qua

318 2976 593 3021 summo
636 2956 954 3022 Pontifici
999 2958 1376 3024 reservavit
1424 2958 1558 3023 duo
1607 2957 1878 3038 altaria,
1924 2979 2074 3045 quae
2111 2956 2390 3043 papalia
2428 2977 2578 3020 esse

319 3078 392 3137 et
432 3074 663 3137 vocari
690 3075 931 3162 jussit,
966 3074 1051 3141 ad
1082 3075 1361 3141 modum
1390 3076 1632 3140 altaris
1659 3075 1931 3161 papalia
1961 3074 2031 3140 in
2069 3073 2369 3139 romanis
2403 3071 2579 3137 basi-

316 3184 500 3251 licis.
572 3186 769 3253 Unde
834 3196 905 3254 et
968 3187 1247 3255 basilica
1285 3189 1697 3256 Assisiensis
1759 3189 1982 3255 affinis
2047 3195 2152 3254 est
2207 3185 2578 3275 majoribus

318 3298 529 3365 Urbis
557 3299 880 3367 basilicis.
916 3342 1003 3351 —
1042 3302 1282 3369 Const.
1306 3304 1562 3368 Fidelis
1596 3304 1953 3386 Dominus,
1983 3304 2069 3369 25
2110 3302 2334 3367 martii
2377 3300 2571 3381 1754,

320 3416 355 3499 ἓ
396 3413 595 3480 5-6*.

319 3580 425 3630 pro
454 3568 681 3618 ecclesia
708 3566 764 3617 S.
797 3568 1063 3629 Clotildis,
1090 3568 1328 3629 ParisiiS‚
1356 3574 1415 3619 29
1445 3584 1559 3634 apr.
1588 3574 1729 3631 1897,
1759 3569 2064 3629 canonista,
2087 3572 2128 3619 t.
2161 3584 2292 3627 xxxi,
2325 3584 2410 3619 an.
2434 3572 2573 3627 1899,

318 3658 379 3707 p.
411 3650 519 3693 678.

388 3722 405 3756 ¹
430 3724 643 3773 Moroni
658 3762 671 3784 ,
696 3724 796 3774 loc.
818 3724 932 3785 cil„
956 3741 1009 3789 p.
1038 3730 1148 3775 347.
1174 3726 1405 3776 Basilica
1428 3726 1823 3787 Lateranensis,
1847 3728 1919 3777 ob
1941 3742 2092 3776 suam
2113 3726 2576 3791 praeeminentiam

320 3817 490 3865 super
515 3818 706 3853 omnes
732 3802 1000 3863 basilien,
1020 3804 1187 3855 habet
1205 3806 1339 3855 duas
1360 3820 1573 3865 cruces,
1597 3807 1706 3856 duo
1726 3822 1990 3870 conopoea
2006 3808 2062 3855 et
2075 3807 2182 3855 duo
2212 3804 2576 3857 tintinnabula

320 3880 596 3946 (Morem,
625 3879 804 3947 ibim).

386 3959 409 3995 ²
440 3959 499 4007 In
526 3958 671 4009 Nota
696 3960 767 4009 ad
794 3963 888 4011 cit.
920 3961 1271 4020 Luca-inam,
1304 3961 1533 4011 Decreta
1560 3962 1734 4021 anth„
1768 3966 1808 4013 t.
1841 3978 1912 4022 tv,
1949 3978 2002 4025 p.
2029 3966 2139 4011 ³59.

387 4040 409 4074 ²
441 4038 533 4088 Sic
562 4038 767 4088 factum
798 4042 883 4089 est
910 4040 964 4089 in
996 4040 1468 4105 Calatayeronen„
1498 4044 1556 4089 25
1582 4042 1764 4091 martii
1788 4044 1938 4101 1817;
1973 4041 2203 4090 Decreta
2235 4039 2572 4097 authentica,

320 4132 378 4166 n.
410 4121 559 4177 2575,
594 4121 633 4167 t.
666 4132 731 4177 n,
760 4134 815 4181 p.
845 4122 953 4168 168.

384 4196 409 4231 ⁴
440 4196 588 4245 Ball.
621 4196 841 4255 Bened„
874 4200 914 4246 t.
946 4212 1019 4256 iv,
1051 4211 1103 4246 n.
1136 4202 1213 4245 ³2.
