3192 5025
612 481 719 535 350
1182 483 1267 533 DE
1306 483 1734 534 coeuss‘mnns
1774 483 1856 533 ET
1893 482 2298 534 SEPULTURIS

702 627 891 698 210.
930 668 1019 675 —
1057 627 1502 703 Quaeritur:
1554 627 1636 696 2⁰
1675 625 1856 702 Quid
1901 626 2259 690 dicendum
2307 627 2388 690 de
2433 649 2590 690 casu
2637 627 2856 712 sepul-

609 750 778 806 turae
816 743 1033 807 electae
1082 743 1151 805 in
1198 741 1467 806 ecclesia
1507 741 1844 826 requlari‚
1887 741 1948 806 si
1995 741 2170 825 leqes
2215 739 2470 823 civiles,
2517 763 2650 805 non
2705 749 2856 805 lan-

608 865 755 921 tum
806 856 1177 921 coemeteria
1220 855 1501 940 publica
1551 855 1979 938 induxerint,
2029 855 2146 918 sed
2195 854 2399 919 etiam
2442 854 2858 938 prohibeant

602 970 1006 1034 cadaverum
1042 968 1447 1033 delationem
1488 968 1555 1032 in
1592 967 1916 1032 ecclesias.

689 1083 886 1168 Resp.
916 1105 941 1148 .·
993 1085 1062 1147 1⁰
1106 1083 1323 1148 Casus
1370 1105 1585 1170 nuper
1634 1081 1922 1169 contigit
1978 1081 2046 1145 in
2103 1081 2378 1147 civitate
2431 1083 2856 1170 Compostel-

600 1195 785 1276 lana,
830 1197 899 1261 in
948 1219 1081 1283 qua
1130 1194 1351 1261 fidelis
1398 1195 1675 1283 quidam
1721 1195 2144 1282 sepulturam
2195 1217 2390 1260 suam
2436 1196 2737 1281 elegerat
2785 1195 2854 1259 in

601 1309 885 1375 ecclesia
904 1310 1218 1374 Fratrum
1236 1309 1577 1374 Minorum
1596 1328 1612 1388 3
1640 1309 1756 1396 qui
1777 1313 2086 1372 mortuus
2103 1315 2208 1374 est
2227 1309 2336 1374 die
2358 1309 2442 1373 22
2465 1332 2626 1375 nov.
2652 1308 2814 1375 1901
2835 1362 2849 1372 .

602 1421 776 1489 Cum
826 1445 989 1512 ergo
1036 1423 1105 1488 in
1158 1421 1485 1510 Hispania
1532 1445 1670 1487 non
1719 1428 1985 1486 tantum
2033 1423 2172 1486 sint
2219 1423 2528 1489 instituta
2577 1422 2856 1510 publica

598 1537 1017 1619 coemeteria‚
1064 1535 1353 1602 sublatis
1390 1535 1809 1624 quibuslibet
1845 1534 2029 1616 aliis,
2073 1535 2194 1601 sed
2233 1537 2436 1602 etiam
2475 1538 2590 1602 lex
2627 1537 2852 1601 civilis

595 1650 951 1739 prohibeat
1007 1673 1365 1737 corporum
1424 1649 1836 1714 delationem
1907 1648 1976 1712 in
2043 1649 2396 1731 ecclesiaS‚
2453 1649 2708 1737 jubens
2769 1675 2850 1728 ea

595 1766 849 1831 directe
888 1765 1108 1829 efferri
1148 1787 1183 1829 e
1222 1763 1425 1828 domo
1464 1762 1939 1828 defunctorum
1975 1763 2064 1828 ad
2111 1764 2572 1830 coemeterium
2620 1764 2852 1854 publi-

594 1901 782 1960 cum,
836 1885 1353 1944 controversum
1400 1885 1506 1943 est
1554 1877 1732 1942 inter
1777 1877 2146 1965 parochum
2184 1885 2254 1943 et
2292 1879 2708 1966 superiorem
2745 1903 2849 1945 re-

589 1993 929 2081 gularem,
975 2015 1287 2081 quaenam
1327 1998 1557 2057 essent
1593 1991 1946 2080 utriusque
1983 1999 2213 2080 partes
2251 1991 2320 2058 in
2359 1992 2559 2058 dictis
2599 1992 2850 2058 funeri-

590 2106 741 2173 bus,
787 2105 1113 2192 Sepultus
1152 2129 1315 2194 ergo
1355 2112 1463 2171 est
1498 2105 1863 2194 proedictus
1901 2104 2261 2171 defunctus
2301 2128 2572 2194 quoquo
2613 2108 2840 2188 modo,

588 2221 709 2285 sed
766 2220 1261 2300 controversia,
1340 2243 1463 2307 pro
1527 2219 1772 2285 futuris
1841 2219 2234 2302 eventibus,
2295 2218 2519 2284 delata
2588 2228 2696 2286 est
2759 2221 2845 2285 ad

586 2334 656 2401 S.
702 2334 953 2421 Congr.
1000 2334 1489 2421 Episcoporum
1528 2339 1599 2398 et
1637 2331 2104 2418 Regularium.

680 2449 748 2513 2⁰
788 2448 1023 2531 Porr0‚
1067 2471 1149 2514 ex
1188 2447 1389 2513 dictis
1428 2447 1497 2512 in
1534 2446 1664 2512 hoc
1711 2455 1780 2513 et
1828 2446 2158 2535 superiori
2205 2448 2456 2537 capite,
2501 2455 2607 2513 sat
2650 2448 2844 2514 facile

583 2563 873 2629 solvitur
902 2562 1286 2628 difficultas
1323 2561 1517 2627 Sicut
1552 2561 1734 2626 enim
1775 2560 2113 2626 institutio
2143 2560 2570 2649 publicorum
2601 2584 2844 2628 coeme-

585 2679 907 2743 teriorum
938 2700 1076 2742 non
1106 2674 1386 2741 sustulit
1414 2675 1569 2763 jura
1601 2674 2067 2761 Regularium,
2103 2674 2223 2739 sed
2253 2682 2519 2740 tantum
2549 2677 2844 2742 mutavit

584 2792 841 2872 locum,
885 2792 953 2855 in
1002 2814 1137 2879 quo
1186 2790 1328 2853 haec
1367 2788 1521 2875 jura
1569 2788 1868 2853 exerceri
1915 2787 2236 2869 debeant,
2279 2789 2374 2853 ita
2413 2796 2482 2853 et
2517 2791 2842 2877 praedicta

585 2904 695 2968 lex
754 2904 974 2968 civilis
1028 2926 1167 2967 non
1213 2909 1439 2991 potest
1480 2900 1932 2989 Regularibus
1987 2900 2246 2967 auferre
2293 2902 2450 2990 jura
2507 2927 2664 2987 sua,
2722 2906 2843 2971 sed

584 3025 853 3083 tantum
889 3018 1133 3083 horum
1180 3024 1441 3083 mutare
1490 3016 1910 3082 exercitium.
1957 3014 2328 3081 Omittetur
2376 3040 2537 3105 ergo
2587 3018 2840 3085 delatio

584 3132 884 3220 corporis
932 3131 1000 3195 in
1048 3132 1407 3196 ecclesiam
1463 3128 1874 3217 regularem,
1929 3130 2112 3217 quod
2158 3136 2262 3195 cst
2309 3129 2562 3195 factum
2613 3156 2839 3199 acces-

586 3246 839 3311 sorium
878 3253 947 3311 et
985 3244 1497 3325 secundarium
1543 3244 1686 3325 sed,
1725 3266 1808 3307 ex
1845 3266 1980 3308 una
2018 3251 2234 3331 parte,
2281 3244 2660 3331 Regulares
2699 3248 2842 3312 offi-

586 3361 765 3425 cium
802 3358 1084 3424 funebre
1123 3356 1562 3423 celebrabunt
1600 3357 1670 3421 in
1709 3380 1834 3421 sua
1864 3357 2146 3422 ecclesia
2185 3381 2306 3445 pro
2345 3358 2574 3467 anima
2605 3360 2841 3426 defun-

587 3474 679 3538 cti
715 3496 868 3539 cum
910 3472 1107 3537 solita
1146 3491 1430 3560 pompa3
1474 3477 1566 3550 et,
1603 3492 1686 3535 ex
1724 3471 1938 3536 altera
1966 3479 2182 3559 parte,
2225 3494 2469 3560 corpus
2507 3475 2838 3562 sepelient

587 3588 657 3651 in
705 3586 1091 3652 coemeterio
1137 3584 1445 3673 publi003
1500 3584 1724 3671 quoad
1772 3584 2208 3650 traditionem
2255 3588 2556 3674 corporis
2605 3612 2758 3676 quae
2801 3612 2836 3654 a

587 3700 880 3789 parocho
920 3699 1370 3787 Regularibus
1418 3698 1724 3763 facienda
1761 3706 1898 3781 est,
1943 3700 2091 3780 fiet,
2143 3722 2278 3763 non
2331 3700 2606 3788 quidem
2655 3724 2834 3767 more

588 3815 789 3879 solito
842 3814 929 3879 ad
970 3814 1253 3901 januam
1304 3814 1638 3895 ecclesiae,
1693 3812 1812 3877 sed
1859 3812 1945 3877 ad
1983 3813 2264 3901 januam
2313 3817 2715 3895 coemeterii,
2767 3817 2830 3880 in

586 3952 720 4017 quo
760 3952 881 3993 sua
920 3928 1073 4015 jura
1112 3950 1424 3993 exercere
1462 3925 1716 3991 habent
1755 3928 2154 4013 RegulareS.

675 4045 746 4108 30
792 4044 1051 4108 Revera
1110 4042 1177 4105 in
1230 4041 1357 4106 hoc
1408 4062 1614 4105 sensu
1667 4041 2018 4128 respondit
2065 4040 2135 4106 S.
2184 4041 2434 4129 Congr.
2491 4042 2715 4131 Episc.
2767 4052 2830 4108 et

584 4156 785 4241 aeg„
830 4157 915 4220 ad
953 4178 1181 4243 quam,
1224 4162 1301 4220 ut
1339 4155 1595 4220 dictum
1637 4162 1763 4236 est,
1808 4154 2034 4219 delata
2071 4163 2176 4221 est
2213 4158 2695 4222 controversia.
2721 4156 2826 4221 Ad

586 4269 725 4335 haee
774 4269 955 4333 enim
1000 4269 1284 4356 quaesita
1320 4288 1335 4334 :
1390 4296 1421 4327 «
1475 4272 1533 4333 1.
1592 4268 1843 4333 Positis
1881 4268 2208 4334 ‚civilibus
2253 4268 2624 4357 hispanicis
2668 4270 2816 4357 legi·
