3192 5025
648 461 736 508 DE
771 459 1044 510 mamus
1083 461 1372 513 PARocln
1409 463 1494 512 ET
1533 463 1865 515 EGCLESIAE
1900 463 2322 515 TUMULANTIS
2514 463 2617 514 325

353 601 491 667 nisi
536 603 609 667 in
658 601 961 668 favorem
1007 604 1282 691 parochi
1326 605 1655 670 domicilii
1699 614 1816 673 aut
1858 606 1945 672 ad
1996 630 2341 672 summum
2385 611 2617 694 quasi-

354 717 718 800 domicilii,
761 716 832 782 in
871 719 1495 806 compensationem
1534 743 1711 785 curae
1751 720 2113 809 pastoralis
2144 741 2159 789 :
2204 745 2355 810 quae
2392 722 2617 787 locum

357 853 499 895 non
529 829 814 914 habent,
850 830 969 896 ubi
999 838 1242 918 agatur
1271 833 1354 926 de
1384 834 1677 920 parocho
1708 837 1883 920 vaqi.

453 1075 642 1144 203.
671 1062 772 1124 ‘—
809 1075 1182 1146 Ecclesiae
1228 1097 1405 1166 quae
1452 1085 1824 1147 tenentur
1872 1079 2176 1148 solvere
2226 1087 2617 1168 quartam.

356 1227 448 1239 —
475 1189 786 1254 Ecclesiae
826 1213 1076 1275 omne-3,
1120 1193 1253 1257 sive
1294 1193 1671 1278 requlares,
1718 1194 1852 1258 sive
1887 1194 2269 1276 saeculare-3,
2307 1201 2621 1258 tenentur·

355 1305 612 1369 solvere
649 1311 975 1390 quartam
1013 1304 1316 1370 ecclesiae
1358 1305 1762 1394 parochiali,
1816 1305 2089 1395 quando
2131 1329 2375 1393 nempe
2429 1307 2619 1372 adest

357 1440 540 1482 unus
577 1441 662 1483 ex
702 1424 994 1505 quatuor
1036 1419 1446 1506 supradictis
1485 1419 1790 1501 casibuS,
1835 1420 1953 1509 qui
1997 1427 2327 1506 generant
2364 1419 2622 1507 obliga-

360 1533 620 1597 tionem
669 1531 980 1597 solvendi
1027 1541 1364 1620 quartam.
1406 1573 1495 1587 —-
1539 1534 1742 1600 Ratio
1790 1541 1897 1600 est
1941 1534 2352 1620 qeneralitas
2390 1535 2622 1598 verho-

362 1669 524 1710 rum
570 1646 641 1709 in
687 1645 802 1711 cit.
848 1668 998 1734 cap.
1052 1647 1197 1712 Nos
1246 1648 1592 1732 instituta,
1650 1647 1720 1730 1;
1777 1647 1955 1712 Cum
2001 1671 2228 1736 super,
2282 1646 2357 1726 8;
2406 1648 2622 1712 Certi—

357 1760 588 1845 ficari,
633 1758 698 1842 9,
745 1759 849 1824 ΒΕ
888 1779 1301 1841 separaum,
1347 1769 1416 1826 et
1457 1761 1634 1826 Cum
1686 1737 1875 1848 quis,
1911 1762 1984 1842 2,
2029 1762 2180 1826 eod.
2217 1762 2353 1842 tit.,
2389 1761 2460 1825 in
2499 1760 2616 1824 VI.

363 1873 451 1938 Hi
491 1871 674 1938 enim
713 1879 942 1938 textus
981 1875 1388 1961 generaliter
1425 1876 1823 1963 loquuntur,
1858 1898 1983 1940 nec
2022 1875 2236 1941 ullam
2274 1875 2623 1962 excipiunt

360 1986 720 2052 ecclesiam
752 2009 789 2052 a
817 1985 1158 2054 solutione
1189 1995 1468 2076 quartae.
1503 2027 1592 2037 —
1619 1989 1947 2055 Attamen
1967 2043 1981 2072 ‚
2016 1992 2097 2054 de
2133 1993 2351 2075 facto,
2386 1989 2621 2054 multa·-

361 2099 665 2164 ecclesiae
703 2099 1140 2187 excipiuntur
1177 2101 1322 2166 sive
1351 2102 1716 2189 privilegio
1746 2104 2131 2189 pontificio,
2168 2104 2311 2169 sive
2350 2125 2622 2167 consue-

363 2215 596 2278 tudine
633 2219 754 2278 aut
782 2215 1317 2299 praescriptione.

454 2327 927 2413 1⁰·Privile9io
975 2328 1236 2396 Sanctae
1272 2328 1489 2397 Sedis,
1539 2369 1629 2380 —
1668 2329 1888 2395 Multa
1934 2331 2120 2395 enim
2168 2330 2613 2405 monasteria,

358 2442 570 2506 immo
603 2441 894 2508 Ordines
931 2442 1214 2530 integri,
1251 2467 1290 2508 a
1329 2444 1657 2508 Romanis
1698 2442 2144 2508 Pontificibus
2173 2443 2619 2530 privileqium

359 2562 765 2645 receperunt
816 2579 954 2622 non
1011 2556 1323 2622 solvendi
1381 2566 1725 2646 quartam;
1790 2557 1874 2622 de
1934 2556 2182 2645 quibus
2241 2556 2619 2644 privilegiis

363 2670 508 2736 haec
547 2670 881 2738 dicenda:

449 2809 514 2851 a.
568 2786 739 2850 Jure
795 2785 1188 2850 Tridentino
1236 2786 1418 2875 (cap.
1469 2785 1816 2869 Decernit,
1874 2786 1989 2865 13,
2036 2806 2205 2849 sess,
2258 2784 2471 2866 XXV,
2518 2784 2618 2849 DE

363 2900 575 2989 BER),
627 2899 856 2965 omnia
911 2900 1322 2965 monasteria
1373 2899 1535 2988 (seu
1589 2899 1723 2965 alia
1771 2898 1921 2964 loca
1972 2898 2123 2987 pia)
2174 2919 2327 2987 'quae
2378 2928 2410 2960 «
2462 2906 2617 2965 ante

361 3036 580 3077 annos
617 3013 1068 3102 quadraginta
1113 3041 1170 3096 »‚
1215 3018 1460 3101 nempe
1509 3035 1690 3077 anno
1743 3014 1948 3095 1523,
1993 3012 2305 3079 solebant
2354 3015 2617 3079 solvere

362 3134 708 3216 quartam,
755 3150 904 3193 eam
934 3126 1257 3215 deinceps
1287 3127 1593 3207 solvant,
1629 3124 2205 3191 nonobstantibus
2241 3126 2619 3215 privilegiis

363 3225 770 3329 quie-forsan
812 3240 1083 3305 interim
1119 3240 1394 3331 (nempe
1434 3241 1615 3306 inter
1654 3262 1869 3306 annos
1903 3240 2074 3305 1523
2107 3245 2176 3304 et
2218 3240 2415 3325 1563)
2450 3240 2618 3305 reci-

360 3377 520 3443 pere
557 3354 928 3443 potuerint,
960 3377 1110 3442 quae
1148 3354 1432 3443 proinde
1461 3354 1821 3443 privilegia
1860 3353 2323 3418 annullantur.
2346 3392 2435 3401 —
2463 3353 2616 3418 Non

362 3475 592 3533 tamen
631 3468 858 3555 agitur
894 3468 980 3533 de
1035 3468 1468 3534 monasteriis
1526 3474 1685 3556 post
1736 3490 1992 3532 annum
2054 3465 2224 3532 1523
2274 3464 2611 3547 fundatiS‚

361 3584 419 3648 si
449 3582 837 3671 pertineant
872 3584 958 3648 ad
998 3581 1345 3666 Ordinem,
1373 3583 1491 3671 qui
1527 3584 1658 3648 rite
1697 3582 1785 3648 sit
1815 3588 2175 3669 exemptus
2213 3604 2252 3646 a
2279 3580 2615 3647 solutione

349 3704 654 3785 quartae,
681 3697 884 3785 juxta
921 3698 1384 3763 authenticam
1422 3696 2053 3785 interpretationem
2082 3704 2230 3761 tum
2271 3695 2340 3762 S.
2386 3694 2493 3760 Pii
2528 3696 2611 3775 V,

361 3812 430 3877 in
470 3818 690 3877 const.
737 3811 892 3877 Etsi
931 3812 1494 3891 mendicantium,
1543 3810 1628 3876 16
1670 3810 1829 3874 maii
1881 3810 2086 3893 1567,
2130 3812 2162 3893 fi
2212 3810 2285 3888 2,
2336 3832 2405 3874 n.
2465 3812 2537 3873 11
2568 3812 2609 3889 ¹,

373 4056 378 4061 ’
427 4040 442 4072 ¹
480 4038 626 4087 Bull.
666 4039 838 4098 Rom„
886 4043 924 4088 t.
971 4054 1043 4098 nr,
1084 4042 1226 4102 part.
1271 4038 1348 4098 11,
1396 4054 1450 4102 p.
1495 4042 1606 4086 376.
1638 4037 1791 4087 Licet
1826 4036 2121 4099 Gregorius
2151 4033 2305 4094 xm,
2337 4038 2510 4085 const.
2554 4036 2617 4084 1η

363 4118 539 4175 tanta,
577 4123 601 4165 1
635 4118 816 4167 martii
847 4121 968 4166 1573
997 4118 1176 4182 (Ball.
1216 4117 1389 4176 Rom„
1420 4120 1462 4167 t.
1495 4132 1566 4175 xv,
1600 4118 1740 4180 part.
1785 4114 1888 4174 111,
1922 4130 1975 4177 p.
2017 4114 2137 4179 251)
2176 4114 2459 4177 praesatam
2498 4113 2619 4163 bul-

361 4196 468 4244 lam
498 4195 553 4245 S.
585 4196 666 4245 Pii
698 4195 747 4243 V
778 4196 1056 4245 reduxerit
1089 4197 1158 4245 ad
1187 4195 1450 4245 terminos
1482 4194 1623 4259 juris
1652 4193 1979 4254 eommunis,
2014 4208 2121 4242 non
2151 4195 2333 4242 tamen
2368 4193 2416 4241 ei
2455 4192 2615 4243 dero-

359 4274 511 4337 gavit
537 4274 593 4323 iu
621 4290 680 4323 re
708 4275 964 4337 praesenti
981 4309 994 4333 ‚
1025 4274 1120 4323 ubi
1151 4275 1332 4338 agitur
1358 4274 1425 4322 de
1449 4287 1599 4323 mera
1630 4271 2078 4335 interpretatione
2107 4285 2262 4323 conc.
2294 4269 2441 4319 Trid.
