3192 5025
557 484 626 536 88
1461 486 1550 535 DE
1585 485 1920 536 ECCLESIIS

556 629 754 694 nensi
794 628 889 710 11,
932 651 1044 694 an.
1090 628 1300 718 1274)
1339 647 1354 694 ε
1398 655 1430 690 «
1477 628 1719 694 Omnis
1756 629 1827 694 in
1869 629 1967 694 eis
2002 629 2343 718 (ecclesiis
2382 635 2449 694 et
2488 633 2817 694 coemete-

558 743 712 832 riis)
764 743 1194 808 saecularium
1228 744 1662 830 judiciorum
1712 743 2041 832 strepitus
2092 745 2557 832 conquiescat,
2614 740 2815 807 nulla

558 857 724 922 inibi
773 879 976 922 causa
1024 880 1155 944 per·
1203 857 1436 941 laicos,
1487 857 1866 923 criminalis
1906 857 2230 942 maxime,
2283 859 2625 945 agitem&
2670 856 2815 920 sint

555 970 706 1036 loca
743 972 976 1037 eadem
1017 995 1058 1036 a
1094 971 1422 1037 laicorum
1460 971 1965 1058 cognitionibus
1994 972 2237 1039 aliena.
2278 1001 2309 1032 »
2354 972 2565 1038 Paulo
2606 970 2806 1050 infra,

555 1085 626 1172 in
667 1085 817 1151 eod.
862 1084 1114 1175 capite,
1157 1085 1544 1152 decernitur
1581 1109 1783 1174 poena
1822 1086 2208 1152 nullitatis:
2257 1114 2289 1147 «
2334 1087 2421 1152 Et
2468 1084 2819 1150 nihilomi-

553 1222 684 1265 nus
719 1222 1079 1288 processus
1114 1200 1425 1288 judicum
1471 1200 1932 1282 saecularium,
1976 1225 2055 1266 ac
2103 1200 2487 1289 specialiter
2524 1199 2819 1289 prolatae

553 1315 910 1380 sententiae
948 1313 1019 1378 in
1049 1314 1305 1380 eisdem
1341 1312 1512 1378 locis
1550 1315 1736 1378 omni
1773 1323 2047 1380 careant
2085 1316 2327 1380 robore
2354 1314 2728 1399 firmitati-3.
2766 1339 2809 1373 »

645 1427 848 1496 Dixi:
904 1428 1168 1494 Judicia
1202 1429 1592 1512 saecularia,·
1638 1449 1801 1493 nam
1840 1428 2095 1518 judicia
2142 1429 2575 1494 ecclesiastica
2612 1425 2817 1492 nullo

553 1543 753 1608 modo
813 1542 1256 1630 prohibentur
1306 1543 1377 1606 in
1443 1542 1751 1608 ecclesiis
1776 1545 1820 1623 ¹,
1886 1543 2046 1608 licet
2110 1542 2510 1631 plerumque
2569 1542 2815 1606 deceat

549 1655 694 1721 haec
724 1655 982 1744 judicia
1019 1656 1180 1721 alibi
1219 1658 1542 1722 exerceri.
2716 1725 2731 1734 ,.

639 1771 707 1834 2⁰
748 1771 1217 1837 Prohibentur
1267 1771 1337 1834 in
1375 1771 1662 1836 ecclesiis
1703 1772 2183 1858 negotiationes
2226 1778 2290 1835 et
2333 1771 2672 1836 nundinae.
2717 1807 2815 1818 —

551 1883 839 1949 Constat
876 1884 1026 1949 eod.
1071 1907 1219 1972 cap.
1253 1884 1456 1948 Decet
1485 1907 1511 1950 .·
1543 1911 1575 1946 α
1612 1885 1765 1950 Sint
1799 1893 2144 1973 postremo
2174 1907 2617 1974 quaecumque
2641 1882 2806 1965 alia,

550 2020 701 2086 quae
739 1997 1045 2062 divinum
1084 2007 1375 2086 possunt
1422 1998 1698 2064 turbare
1746 1998 2076 2080 officium,
2122 2005 2240 2064 aut
2286 1999 2520 2064 oeulos
2557 1997 2811 2062 divinae

551 2111 929 2199 majestatis
967 2111 1335 2195 offendere,
1365 2112 1451 2177 ab
1481 2113 1651 2201 ipsis
1688 2112 2048 2200 (ecclesiis)
2090 2135 2372 2200 prorsus
2396 2120 2802 2178 extranea...

552 2226 841 2292 Cessent
899 2226 968 2289 in
1026 2226 1331 2292 ecclesiis
1388 2250 1755 2314 earumque
1814 2226 2219 2292 coemeteriis
2286 2226 2801 2312 neqotiationes,

552 2348 622 2405 et
660 2339 994 2429 praecipue
1034 2341 1506 2406 nundinarum
1535 2364 1613 2406 ac
1642 2343 1786 2427 sori
1823 2343 2315 2428 cujuscumque
2359 2339 2718 2404 tumultus.
2772 2367 2805 2400 υ

555 2455 655 2520 De
693 2476 828 2542 quo
867 2453 1009 2519 haec
1049 2455 1348 2521 notanda
1379 2475 1395 2522 :

642 2591 704 2633 a.
747 2568 901 2635 Non
939 2575 1208 2634 tantum
1254 2570 1572 2658 frequens
1624 2570 1993 2658 negotiatio
2040 2569 2437 2658 prohibetur
2474 2572 2545 2636 in
2589 2568 2809 2635 eccle—

553 2682 710 2764 siis,
768 2683 888 2748 sed
941 2684 1148 2749 etiam
1197 2684 1456 2770 singuli
1503 2693 1693 2750 actus
1746 2685 2257 2770 neqotiationis5
2310 2684 2416 2749 hic
2470 2692 2575 2749 est
2626 2683 2809 2749 enim

555 2819 794 2861 sensus
852 2797 1191 2884 genuinus
1256 2797 1460 2884 hujus
1521 2797 1839 2862 vocabuli
1900 2799 2407 2884 negotiationes,
2477 2798 2807 2863 Attamen

555 2932 691 2975 una
741 2910 853 2975 vel
909 2911 1122 2977 altera
1183 2910 1524 2993 venditi0,
1569 2934 1705 2975 non
1756 2911 1985 2999 gravis
2036 2912 2397 2992 momenti,
2457 2911 2809 2975 materiam

554 3024 778 3089 levem
815 3046 954 3089 non
992 3025 1372 3107 excederet,
1407 3032 1475 3091 et
1515 3026 1741 3090 forsan
1769 3048 1807 3091 a
1844 3031 2122 3114 peccato
2162 3025 2471 3111 excusari
2507 3030 2739 3113 posset
2756 3025 2804 3088 ¹.

645 3138 714 3220 l).
760 3137 951 3209 Licet
1002 3145 1423 3221 contractuS,
1467 3139 1537 3203 in
1578 3139 1859 3205 ecclesia
1920 3138 2105 3219 initi,
2150 3138 2288 3203 sint
2340 3138 2593 3223 illiciti,
2650 3146 2813 3204 sunt

547 3259 787 3347 ,tamen
843 3252 1050 3317 validi
1057 3271 1087 3336 ,·
1132 3275 1332 3340 poena
1397 3253 1580 3317 enim
1646 3252 1982 3317 nullitatis
2044 3276 2196 3340 quae
2256 3252 2497 3340 plectit
2553 3251 2814 3340 judicia

559 3366 937 3449 saecularia,
981 3388 1118 3431 non
1159 3372 1264 3431 est
1303 3366 1388 3431 ad
1427 3388 1544 3431 eos
1583 3365 2046 3446 extendenda,
2090 3366 2249 3454 quia
2287 3373 2395 3431 est
2422 3366 2681 3432 odiosa.

647 3503 704 3545 c.
772 3479 1127 3545 Toleratur
1190 3502 1276 3545 ex
1333 3485 1482 3566 fere
1536 3479 1899 3544 universali
1958 3480 2437 3545 consuetudine
2506 3478 2815 3545 venditio

557 3616 784 3659 rerum
838 3594 1134 3682 piarum,
1192 3592 1440 3683 quibus
1495 3593 1730 3659 fideles
1786 3592 2017 3657 statim
2068 3600 2351 3658 utantur
2396 3594 2466 3658 in
2512 3591 2807 3682 templo,

557 3731 627 3772 v.
684 3730 782 3795 g.,
844 3708 1317 3789 candelarum,
1374 3708 1576 3773 modo
1628 3714 1859 3772 tamen
1913 3707 2055 3772 haec
2104 3706 2409 3773 venditio
2470 3708 2616 3773 sine
2667 3706 2811 3772 ullo

559 3820 845 3909 strepitu
898 3822 1014 3886 fiat
1065 3828 1135 3887 et
1193 3843 1332 3886 non
1382 3820 1743 3886 turbentur
1793 3820 2026 3885 divina
2078 3818 2349 3887 officia:
2393 3820 2592 3909 jubet
2630 3820 2813 3886 enim

559 3934 836 4001 omnino
874 3935 990 4001 cit.
1037 3957 1184 4023 cap.
1227 3936 1429 4001 Decet
1466 3958 1551 4001 ne
1591 3933 1905 4001 turbetur
1941 3933 2250 3999 divinum
2287 3934 2609 4001 officium.

577 4100 580 4105 ¹
622 4138 641 4172 1
678 4137 758 4186 cf.
791 4137 1012 4195 Sum-ez,
1046 4138 1145 4187 loc.
1177 4137 1290 4195 eit„
1319 4153 1368 4186 c.
1400 4152 1473 4197 w,
1504 4152 1558 4186 n.
1589 4142 1780 4186 1o-11.
2218 4208 2225 4213 ,

622 4214 645 4249 ²
678 4215 762 4265 Ita
808 4216 1030 4276 Suarez,
1075 4216 1154 4266 De
1191 4214 1550 4273 eucharistia,
1592 4216 1732 4278 disp.
1774 4213 2023 4273 LXXXI,
2065 4217 2199 4265 sect.
2242 4230 2365 4276 vm,
2406 4220 2430 4277 5
2466 4214 2713 4266 Secundo
2746 4230 2817 4266 ex

547 4292 679 4347 hoc.
