3192 5025
648 419 755 472 336
1218 421 1308 470 DE
1345 418 1776 472 COEMETERns
1815 418 1897 469 ET
1934 418 2338 470 SEPULTumS

737 589 792 631 c.
841 564 1057 629 Immo
1101 563 1235 629 dici
1278 563 1516 652 nequit
1553 563 1833 651 praefata
1869 563 2021 650 lege
2060 583 2503 652 suppressum
2542 559 2753 626 fuisse
2778 561 2901 645 jus

651 679 1040 746 tumulandi
1100 701 1225 766 pro
1286 677 1571 743 ecclesia
1629 700 1769 742 non
1825 675 2223 764 parochiali3
2288 676 2346 738 si
2398 675 2587 739 enim
2642 674 2901 738 dicatur

649 815 1092 880 suppressum
1119 815 1242 880 pro
1283 791 1567 857 ecclesia
1606 814 1743 856 non
1780 790 2182 879 parochiali,
2218 812 2672 878 suppressum
2700 788 2899 853 etiam

648 907 781 973 dici
819 905 1024 972 debet
1059 929 1182 996 pro
1223 905 1507 972 ecclesia
1545 905 1953 994 parochiali;
1990 904 2115 968 hac
2153 904 2334 969 enim
2370 904 2445 968 in
2484 926 2582 984 re,
2614 909 2903 990 utraque

648 1021 791 1109 pari
843 1019 1061 1107 gradu
1109 1019 1452 1109 procedit3
1505 1019 1689 1084 idem
1746 1019 1929 1084 enim
1980 1019 2305 1083 canonice
2352 1019 2469 1106 jus
2518 1015 2906 1083 tumulandi

647 1136 846 1222 (licet
883 1157 967 1199 ex
1007 1134 1273 1199 diverso
1314 1133 1542 1222 fonte)
1577 1132 1665 1200 ad
1699 1138 2057 1220 utramque
2096 1132 2424 1220 pertinet,
2469 1139 2539 1198 et
2576 1138 2901 1219 utraque,

647 1250 796 1335 lege
828 1248 1047 1330 civili,
1081 1247 1424 1337 prohibita
1461 1254 1566 1314 est
1594 1247 1665 1312 in
1705 1271 1829 1312 suo
1857 1246 2131 1335 proprio
2162 1246 2549 1312 coemeterio
2588 1244 2903 1334 sepelire.

649 1365 981 1428 Remanet
1010 1386 1170 1450 ergo
1201 1363 1469 1451 utrique
1499 1362 1617 1450 jus
1648 1360 2063 1441 tumulandi,
2100 1362 2221 1426 sed
2249 1361 2321 1426 in
2346 1358 2626 1448 publico
2656 1380 2911 1424 coeme-

645 1477 839 1544 teri0.
899 1477 972 1543 Si
1021 1483 1252 1541 autem
1303 1484 1486 1542 recte
1542 1475 1730 1564 loqui
1780 1474 2107 1556 velimus»,
2169 1474 2297 1540 hoc
2344 1474 2461 1562 jus
2516 1472 2912 1539 tumulandi

645 1590 858 1656 oritur
905 1613 990 1655 ex
1039 1589 1274 1655 stricto
1318 1590 1474 1677 jure
1517 1588 1700 1678 quod
1746 1600 1927 1655 nun'c
1974 1587 2229 1654 hahent
2274 1589 2475 1673 cives,
2528 1595 2609 1654 ut
2658 1609 2909 1674 nempe

647 1705 1065 1792 sepeliantur
1091 1705 1162 1769 in
1192 1704 1579 1769 coemeterio
1615 1703 1801 1792 quod
1829 1703 2274 1792 municipium
2302 1701 2697 1792 sumptibus
2726 1724 2911 1767 com-

647 1818 1000 1884 munitatis
1057 1818 1309 1898 erexit;
1373 1817 1459 1883 ad
1513 1817 1643 1882 hoc
1705 1822 1932 1882 autem
1978 1816 2096 1904 jus
2162 1814 2654 1898 exercendum,
2724 1816 2911 1880 cives

643 1933 958 1997 catholici
997 1933 1328 2020 deputant
1364 1938 1434 1996 et
1479 1931 1741 2018 eligunt
1788 1931 2149 1996 ecclesiam
2185 1954 2336 2019 quae
2380 1930 2539 1996 illos
2576 1929 2906 2017 sepeliat,

641 2045 754 2108 alii
817 2045 1172 2110 ecclesiam
1229 2044 1718 2132 parochialem,
1772 2044 1887 2109 alii
1950 2044 2305 2110 ecclesiam
2358 2067 2496 2109 non
2549 2043 2908 2131 parochia-

641 2157 808 2238 lem,
853 2158 1324 2247 unusquisque
1355 2181 1477 2246 pro
1517 2181 1641 2224 sua
1680 2157 2077 2239 devotione;
2124 2164 2194 2223 et
2244 2159 2373 2239 sic,
2426 2157 2498 2222 in
2549 2158 2909 2223 hodiernis

640 2270 1013 2356 adjunctiS,
1064 2271 1277 2337 oritur
1329 2296 1452 2360 pro
1513 2279 1805 2359 utraque
1866 2271 2150 2337 ecclesia
2203 2273 2319 2360 jus
2380 2271 2773 2336 tumulandi
2832 2271 2905 2334 in

641 2386 1028 2451 coemeterio
1068 2384 1362 2472 publico.

732 2615 920 2684 208.
953 2652 1039 2663 —
1077 2614 1488 2683 Praedictae
1528 2614 1963 2683 solutiones
2000 2614 2509 2701 applicantur
2546 2633 2910 2701 praesen-

637 2728 852 2797 tibus
890 2728 1016 2815 adj
1026 2728 1287 2796 unctis
1324 2728 1835 2796 ecelesiarum
1874 2727 2179 2798 Galliae.

729 2844 798 2905 10
837 2840 1075 2915 Quoad
1098 2843 1226 2927 jus
1263 2841 1601 2905 electionis
1638 2842 1918 2908 ecclesiae
1954 2843 2368 2927 funerantis.
2404 2879 2496 2891 —
2527 2840 2607 2905 ln
2638 2840 2899 2921 Gallia,

637 2952 871 3017 fideles
927 2951 1148 3017 adhuc
1203 2954 1452 3041 eligere
1507 2961 1832 3040 possunt,
1894 2954 1981 3021 ad
2039 2954 2281 3020 funera
2336 2976 2462 3020 sua
2520 2955 2900 3042 explenda,

635 3065 992 3131 ecclesiam
1033 3064 1439 3153 quamlibet,
1482 3075 1729 3154 praeter
1766 3068 2127 3134 ecclesiam
2162 3092 2359 3133 suam
2396 3067 2900 3155 parochialem,

635 3202 698 3245 v.
747 3202 846 3267 g.,
899 3177 1102 3243 aliam
1149 3178 1506 3245 ecclesiam
1553 3181 2044 3267 parochialem,
2096 3182 2209 3247 vel
2256 3182 2467 3247 etiam
2514 3204 2659 3247 non
2706 3204 2907 3270 paro-

633 3293 956 3373 chialem,
999 3291 1356 3358 ecclesiam
1402 3294 1818 3379 regularem,
1864 3302 2025 3376 etc.,
2079 3295 2275 3383 cujus
2324 3301 2550 3360 rector
2596 3295 2905 3361 officium

633 3404 909 3470 funebre
938 3412 1272 3492 praesente
1301 3428 1580 3493 corpore
1612 3406 2005 3489 celebrabit,
2039 3414 2109 3474 et
2138 3408 2385 3474 deinde
2414 3409 2624 3476 ducet
2654 3432 2907 3499 corpus

633 3520 702 3583 in
731 3516 1194 3583 coemeterium
1225 3517 1596 3605 publicum.
1616 3558 1705 3569 —
1730 3520 2054 3587 Constat:
2090 3521 2151 3587 1.
2186 3522 2488 3608 Praefata
2518 3521 2907 3589 Sacrarum

633 3632 1256 3716 Conqreqationum
1307 3631 1776 3698 Romanarum
1814 3636 2411 3721 jurisprudentia,
2466 3658 2659 3724 quae,
2718 3637 2907 3725 quod

629 3743 884 3808 nemini
932 3742 1203 3808 diffiteri
1251 3750 1368 3809 aut
1415 3745 1485 3810 in
1533 3745 1815 3812 dubium
1863 3771 2181 3814 revocare
2228 3747 2467 3829 liceat,
2512 3750 2903 3837 legitimam

631 3855 883 3943 praebet
923 3856 1548 3942 interpretationem
1579 3858 1807 3946 legum
1846 3862 2325 3927 canonicarum
2354 3863 2440 3928 de
2469 3864 2629 3951 jure
2670 3866 2907 3954 sepul-

629 3976 834 4049 ἴοι-ως
877 4008 966 4017 -
1003 3969 1066 4033 2.
1121 3970 1261 4033 Usu
1303 3980 1599 4056 recepto,
1640 3976 1844 4038 etiam
1873 3977 2387 4061 praescindcndo
2436 3978 2527 4043 ab
2564 3982 2904 4045 erectione

626 4084 1159 4146 coemeteriorum
1201 4083 1647 4167 publicorum
1660 4105 1691 4170 ,·
1742 4087 1801 4151 si
1838 4088 2055 4169 euim,
2098 4097 2177 4155 ut
2214 4091 2555 4177 superiori
2608 4116 2900 4158 numero

626 4193 882 4256 dictum
931 4199 1069 4274 est,
1111 4194 1296 4260 fideli
1344 4199 1625 4263 testanti
1672 4199 1973 4283 licuerit,
2018 4201 2148 4267 sub
2195 4203 2481 4292 antiqua
2530 4205 2899 4294 disciplina
