3192 5025
645 494 746 547 188
1525 494 1614 545 DE
1650 494 2013 547 ORATORIIS

643 644 1008 705 extraneus
1069 635 1366 703 celebret
1423 637 1492 701 in
1546 636 1656 703 his
1711 638 2057 720 oratoriis,
2114 637 2675 726 distinguendum
2730 644 2835 703 est
2880 657 2899 704 :

644 751 752 817 vel
791 751 976 817 color
1013 750 1370 839 liturgicus
1421 750 1627 816 officii
1668 750 1947 841 (nempe
1985 751 2391 818 celebrantis
2436 758 2507 819 et
2542 752 2901 841 oratorii),

644 866 823 930 idem
869 872 1005 945 est,
1050 872 1119 930 et
1170 872 1334 931 tunc
1380 864 1700 931 sacerdos
1736 866 2018 931 missam
2056 866 2477 933 conformare
2513 874 2742 954 potest
2776 888 2904 931 suo

644 979 888 1062 officio,
923 980 1060 1044 imo
1099 980 1316 1064 debet,
1352 980 1410 1045 si
1440 979 1627 1045 istud
1664 979 1963 1045 officium
2000 981 2094 1047 sit
2127 980 2414 1069 duplex;
2446 1018 2537 1030 —
2572 982 2689 1046 vel
2716 980 2907 1045 color

643 1100 749 1159 est
801 1094 1136 1177 diversus,
1195 1101 1264 1159 et
1321 1101 1483 1159 tunc
1535 1094 1853 1160 sacerdos
1904 1094 2185 1160 missam
2230 1095 2655 1161 conformare
2707 1094 2907 1160 dehet

643 1206 864 1271 officio
894 1207 1025 1273 loci
1065 1208 1124 1273 si
1162 1207 1348 1273 istud
1385 1208 1476 1272 sit
1500 1209 1796 1295 duplex,·
1826 1209 1884 1273 si
1920 1232 2083 1274 vero
2109 1209 2295 1275 istud
2332 1209 2423 1276 sit
2446 1208 2902 1295 semidupleoe,

633 1329 858 1406 potest
903 1322 1182 1387 missam
1229 1321 1651 1387 conformare
1701 1345 1824 1387 suo
1870 1323 2127 1403 offici0,
2169 1324 2307 1388 imo
2347 1324 2573 1407 debet,
2620 1323 2678 1387 si
2719 1321 2909 1388 istud

641 1436 734 1500 sit
789 1434 1065 1523 duplex.
1122 1474 1211 1485 —
1275 1435 1438 1501 Haec
1508 1436 1694 1500 enim
1760 1436 2120 1526 disciplina
2184 1460 2372 1525 quae,
2440 1443 2599 1503 ante
2666 1437 2909 1502 decre-

642 1556 790 1614 tum
868 1548 1071 1629 1895,
1142 1548 1415 1615 valebat
1479 1573 1603 1638 pro
1678 1550 1983 1616 ecclesiis
2057 1557 2127 1616 et
2190 1551 2503 1616 oratoriis
2568 1550 2907 1640 publicis,

641 1670 922 1728 extensa
957 1662 1207 1745 fuerat,
1251 1663 1322 1727 vi
1359 1662 1657 1752 plurium
1688 1664 2115 1730 decretorum
2153 1664 2225 1731 S.
2276 1665 2418 1731 Rit.
2462 1664 2787 1752 Congr.¹,
2822 1664 2910 1729 ad

642 1778 963 1859 oratoria,
1007 1778 1213 1843 etiam
1251 1777 1544 1860 minora,
1587 1778 2289 1844 communitatum.-
2319 1777 2419 1843 lta
2460 1777 2709 1845 saltem
2748 1801 2909 1867 pro-

643 1890 968 1974 babilius,
1041 1898 1277 1957 contra
1338 1891 1492 1957 illos
1553 1892 1674 1981 qui
1742 1892 2131 1981 opinantur,
2208 1892 2277 1957 in
2343 1892 2449 1958 his
2524 1891 2909 1958 minoribus

643 2010 1214 2075 communitatum
1275 2008 1621 2091 oratoriis,
1680 2010 2098 2075 sacerdotem
2158 2017 2559 2076 extraneum
2634 2032 2912 2098 semper

643 2122 859 2186 teneri
913 2122 1194 2188 missam
1248 2121 1586 2189 celebrare
1648 2123 2067 2190 conformem
2119 2123 2341 2189 officio
2394 2144 2557 2204 suo;
2615 2124 2688 2188 hi
2740 2124 2911 2213 deji-

637 2234 832 2300 ciunt
867 2236 1010 2301 haec
1048 2238 1337 2305 oratoria
1377 2236 1464 2303 ad
1503 2244 1757 2302 statum
1797 2238 2243 2303 oratoriorum
2274 2260 2456 2303 mere
2493 2237 2913 2303 domestico-

643 2372 825 2431 rum,
869 2372 906 2414 a
945 2350 1193 2439 quibus
1244 2360 1390 2417 toto
1446 2351 1613 2417 caelo
1663 2350 2009 2417 differunt.
2068 2352 2293 2416 Multo
2340 2350 2699 2432 libentiuS,
2748 2374 2911 2416 cum

640 2462 818 2546 aliis,
862 2463 931 2528 in
971 2464 1208 2531 eodem
1247 2460 1462 2554 gradu
1508 2466 1890 2554 posuerim,
1932 2464 2157 2554 quoad
2197 2464 2560 2530 missarum
2598 2465 2911 2532 celebra-

641 2579 931 2661 tionem,
983 2579 1125 2644 haec
1172 2580 1436 2646 minora
1483 2579 2052 2662 communitatum
2100 2581 2391 2646 oratoria
2448 2585 2517 2646 et
2562 2580 2908 2668 capellam

641 2692 1116 2781 principalem,
1159 2694 1294 2758 nisi
1329 2693 1602 2760 obstare
1638 2693 1985 2758 videretur
2020 2693 2299 2782 praefata
2338 2693 2407 2759 S.
2452 2693 2591 2759 Rit.
2640 2692 2905 2781 Congr.

640 2807 890 2872 decisio
928 2807 1000 2872 in
1038 2808 1419 2874 Ruthenen.

1125 3153 1162 3226 ἓ
1199 3154 1266 3216 4.
1311 3157 1418 3214 De
1455 3155 1814 3213 oratoriis
1854 3156 2349 3228 Reqularlum
2364 3157 2407 3211 ².

725 3391 818 3457 N.
861 3391 943 3457 B.
986 3429 1075 3442 —
1115 3391 1270 3457 Non
1308 3393 1532 3479 agitur
1567 3392 1679 3456 hic
1719 3392 1802 3456 de
1842 3392 2153 3456 oratoriis
2194 3391 2483 3480 publicis
2520 3399 2639 3457 aut
2681 3393 2905 3458 eccle-

637 3503 756 3570 siis
797 3505 1264 3592 Regularium,
1309 3505 1429 3571 sed
1467 3513 1734 3572 tantum
1776 3505 1859 3571 de
1888 3507 2202 3591 privati&

731 3731 919 3802 106.
956 3773 1046 3783 —
1094 3733 1456 3803 oratoria
1492 3735 1580 3801 in
1627 3732 2153 3802 conventibus
2200 3733 2751 3822 Regularium.

731 3849 801 3911 1⁰
837 3848 1020 3914 Ante
1073 3847 1435 3913 concilium
1473 3847 1687 3930 Trid.,
1732 3848 2142 3934 RegulareS,
2184 3848 2253 3913 vi
2292 3849 2635 3914 variarum
2662 3851 2899 3938 ponti-

636 3961 940 4026 ficiarum
979 3963 1527 4045 concessionum,
1562 3961 1903 4027 liberrime
1943 3960 2294 4050 erigebant
2332 3963 2401 4026 in
2440 3964 2897 4030 conventibus

700 4151 720 4184 ¹
756 4149 822 4196 V.
866 4165 938 4214 g„
983 4151 1037 4198 in
1079 4150 1397 4208 Annecien„
1443 4157 1466 4200 1
1514 4151 1631 4200 dec.
1678 4153 1798 4198 1882
1843 4149 2169 4212 (Gardellini
2211 4152 2377 4214 App„
2422 4166 2475 4199 n.
2516 4155 2697 4216 5855„
2740 4179 2799 4190 --
2840 4155 2895 4201 in

637 4227 1158 4292 Marianopolilana,
1191 4233 1248 4277 18
1271 4229 1393 4292 julii
1423 4233 1544 4279 1885
1572 4227 1757 4294 (ibim,
1789 4243 1843 4276 n.
1876 4227 2055 4291 59⁴³),
2087 4229 2155 4277 ad
2185 4234 2264 4278 11.

697 4308 721 4342 ¹
755 4306 1030 4368 Gatticus,
1063 4323 1108 4356 c.
1139 4322 1296 4367 xvm3
1324 4333 1386 4345 —
1413 4309 1480 4357 dc
1505 4307 1697 4366 Βοιιίε,
1732 4305 1805 4356 De
1834 4306 2093 4356 oratoriis
2112 4306 2378 4370 publicis,
2412 4323 2459 4357 c.
2484 4322 2751 4358 xvx-xvu.
