3192 5025
605 454 708 507 356
1177 455 1264 503 DE
1301 454 1737 506 COEMETERHS
1775 455 1858 504 ET
1895 456 2301 506 SEPULTURIS

601 599 894 688 publice.
940 599 1151 663 Porro
1191 598 1576 679 haereticOS,
1626 604 1701 663 ut
1735 599 1862 682 sic,
1906 598 2272 687 privandos
2316 621 2467 664 esse
2512 590 2871 688 sepultura

603 696 1090 794 ecclesiastica,
1135 718 1404 777 constat
1438 732 1453 778 :

689 854 750 894 a.
791 828 958 915 Cap.
1007 826 1202 891 Sicut
1247 828 1377 911 ait,
1419 826 1492 907 8,
1531 828 1633 909 Dp:
1672 848 2011 893 nAEnE‘rlcis
2050 830 2170 909 (ex
2210 850 2402 893 conc.
2450 828 2683 895 Later.
2733 827 2862 907 111,

600 967 707 1010 an.
745 942 951 1027 1179)
984 959 999 1008 ζ
1036 967 1069 1002 «
1102 940 1172 1006 Si
1205 949 1428 1005 autem
1459 940 1871 1029 (haereticus)
1898 942 1965 1005 in
1999 942 2125 1006 hoc
2154 949 2435 1028 peccato
2462 942 2864 1023 decesserit,

598 1080 814 1145 neque
865 1056 992 1121 sub
1036 1054 1548 1141 privilegiorum
1599 1061 1987 1120 nostrorum
2037 1055 2584 1145 quibuscumque
2636 1058 2869 1122 indul-

595 1180 822 1238 torum
860 1170 1171 1250 obtentu,
1209 1191 1426 1257 neque
1459 1166 1585 1233 sub
1619 1168 1749 1233 alia
1790 1192 2217 1259 quacumque
2248 1172 2638 1251 occasione,
2676 1172 2871 1235 obla-

599 1289 689 1350 tio
721 1308 853 1371 pro
891 1308 964 1349 eo
1003 1285 1160 1368 siat,
1191 1290 1310 1347 aut
1351 1282 1530 1348 inter
1564 1282 1971 1349 christianos
2008 1285 2293 1369 accipiat
2328 1286 2791 1371 sepulturam.
2833 1316 2867 1346 n

595 1400 673 1465 In
714 1423 847 1488 quo
885 1399 1035 1464 loco
1073 1420 1210 1463 non
1251 1396 1716 1462 consideratur
1745 1398 1877 1461 nisi
1914 1398 2215 1463 haeresiS.

683 1516 750 1579 Ι).
801 1512 1080 1579 Martini
1123 1512 1184 1574 V
1227 1518 1444 1576 const.
1494 1512 1690 1576 Inter·
1744 1520 2051 1597 cunctati,
2110 1512 2149 1578 8
2208 1512 2346 1579 kal.
2409 1514 2637 1579 martii
2684 1514 2866 1582 1418

597 1632 774 1719 (quae
813 1628 1064 1715 scripta
1104 1625 1232 1691 fuit
1279 1625 1518 1691 eodem
1559 1624 1773 1691 ferme
1812 1633 2117 1713 tempore
2155 1650 2233 1691 ac
2286 1626 2433 1714 ejus
2472 1636 2697 1694 const.
2744 1630 2867 1693 Ad

593 1744 902 1810 evitanda
957 1740 1307 1823 scandala,
1371 1739 1452 1805 15
1506 1763 1651 1827 apr.
1706 1738 1910 1822 1418,
1968 1741 2040 1804 in
2093 1741 2521 1807 concordatis
2566 1744 2867 1809 Germa-

591 1859 782 1947 niae),
815 1858 884 1920 in
911 1878 1044 1943 quo
1069 1854 1162 1919 ait
1191 1872 1208 1920 ε
1245 1882 1276 1915 «
1315 1854 1402 1919 Et
1433 1853 1490 1918 si
1527 1854 1701 1919 tales
1732 1854 2028 1919 haeretici
2067 1854 2323 1941 publici
2352 1879 2431 1921 ac
2470 1857 2857 1939 manifesti,

596 1974 744 2038 licet
803 1970 1107 2034 nondum
1155 1991 1286 2054 per
1323 1968 1695 2033 Ecclesiam
1756 1968 2114 2053 declarati,
2163 1969 2233 2034 in
2288 1969 2417 2034 hoc
2468 1976 2615 2035 tam
2660 1972 2862 2059 gravi

592 2084 870 2149 crimine
933 2082 1380 2165 decesserint,
1438 2082 1875 2149 ecclesiastica
1940 2091 2212 2148 careant
2268 2084 2662 2169 sepultura,
2730 2108 2861 2151 nec

592 2198 970 2263 oblationes
1021 2198 1189 2262 fiant
1239 2204 1358 2261 aut
1407 2196 1819 2284 recipiantur
1864 2220 1987 2283 pro
2036 2196 2357 2263 eisdem¹.
2403 2226 2435 2258 »
2487 2198 2667 2264 Sane
2717 2222 2859 2265 non

592 2312 891 2401 loquitur
944 2310 1077 2375 nisi
1127 2311 1210 2376 de
1273 2310 1609 2393 Hussitis,
1662 2310 2098 2392 Wicleflstis,
2153 2318 2315 2394 eto.,
2370 2312 2494 2378 sed
2550 2314 2861 2380 ostendit

591 2426 931 2518 quomodo
961 2425 1079 2514 jus
1116 2424 1482 2490 debeamus
1519 2424 1973 2514 interpretari.

678 2567 734 2610 c.
769 2543 964 2609 Unde
995 2543 1066 2608 S.
1105 2539 1353 2626 Congr.
1391 2539 1682 2628 InquiS„
1718 2539 1788 2604 in
1830 2540 2098 2606 decreto
2130 2541 2170 2607 6
2211 2564 2367 2606 nov.
2410 2543 2619 2624 1641,
2656 2543 2746 2608 ad
2784 2544 2851 2621 1,

590 2665 820 2744 aperte
867 2654 1292 2723 declaravit:
1337 2681 1370 2714 t<
1411 2655 1787 2720 Haereticos
1836 2655 2175 2737 notorios,
2228 2657 2677 2743 quantumviss
2718 2681 2857 2724 non

588 2771 1018 2835 denuntiatos
1058 2769 1458 2835 nominatim
1496 2770 2107 2834 excommunicatos
2117 2820 2140 2853 ,
2178 2792 2313 2835 non
2341 2793 2541 2856 posse
2576 2773 2857 2858 sepeliri

591 2886 658 2947 in
688 2884 956 2948 ecclesia
986 2883 1315 2948 catholica
1335 2883 1378 2947 ².
1415 2909 1446 2942 »
1482 2880 1682 2961 Quod
1705 2882 2050 2949 decretum
2076 2881 2391 2951 Urbanus
2417 2885 2580 2950 VIII
2612 2909 2859 2974 appro-

589 2997 808 3080 bavit,
853 3003 922 3062 et
960 2997 1241 3084 exsequi
1280 2997 1652 3062 mandavit.

675 3111 905 3194 Unde,
961 3116 1041 3176 ut
1086 3117 1438 3176 teneamur
1485 3133 1712 3176 arcere
1766 3110 2119 3176 haereticos
2167 3136 2205 3178 a
2264 3106 2654 3200 sepultura',
2714 3138 2854 3181 non

589 3227 952 3317 requiritur
1015 3233 1093 3291 ut
1154 3226 1292 3292 sint
1357 3225 1737 3291 denuntiati
1802 3226 2405 3308 excommunicati,
2461 3250 2589 3294 nec
2645 3231 2853 3295 etiam

592 3342 914 3409 declarati
947 3347 1024 3405 ut
1057 3339 1388 3420 haeretici,
1426 3340 1546 3405 sed
1581 3339 1833 3404 sufficit
1856 3339 2041 3427 quod
2079 3338 2219 3405 sint
2258 3341 2561 3407 haeretici
2599 3346 2857 3410 notorii

592 3479 712 3522 seu
761 3455 1068 3544 puhlici³
1097 3475 1124 3519 .·
1175 3453 1360 3541 quod
1427 3451 1835 3534 vocabulum
1896 3453 2423 3541 interpretamur
2470 3463 2585 3539 ut,
2639 3457 2849 3540 infra,

585 3571 896 3658 publicos
947 3573 1360 3657 pec-catores,
1419 3566 1558 3632 Nec
1618 3566 2062 3654 distinguitur
2120 3568 2298 3634 inter
2354 3569 2711 3636 baereticos
2768 3573 2855 3638 ad

658 3867 674 3900 ¹
709 3864 911 3924 Mansi‚
945 3860 1214 3920 Concilia,
1249 3861 1288 3910 t.
1320 3875 1494 3918 xxvix,
1525 3859 1629 3908 col.
1663 3863 1813 3920 1206;
1840 3885 1903 3898 —
1928 3859 2016 3908 vel
2046 3859 2247 3920 Coleti,
2280 3863 2319 3910 t.
2352 3877 2473 3921 xvi,
2504 3864 2611 3914 col.
2644 3869 2755 3913 75⁴.

653 3945 677 3981 ²
711 3943 874 4006 Apud
910 3941 1204 4000 tabidum,
1245 3939 1323 3987 De
1368 3935 1728 3987 inconstantia
1780 3937 1835 3986 in
1881 3937 2017 4000 fide,
2070 3953 2119 3987 c.
2168 3955 2327 4001 xvm,
2378 3955 2432 3988 n.
2474 3945 2564 3998 28,
2606 3943 2851 3992 Amstel-

594 4023 812 4080 aedami‚
843 4025 992 4080 1683,
1020 4035 1074 4084 p.
1107 4023 1215 4067 100.

658 4103 680 4137 ³
709 4101 794 4150 Ita
831 4099 1096 4157 Albitius,
1134 4097 1234 4146 loc.
1266 4094 1377 4154 cic„
1411 4111 1462 4143 n.
1505 4099 1694 4154 11-283
1725 4121 1789 4132 —
1818 4094 2003 4157 Petra,
2040 4095 2105 4145 In
2147 4098 2317 4145 const.
2352 4097 2539 4147 XVIII
2575 4099 2843 4150 Innocen-

597 4178 660 4227 tii
690 4177 785 4235 IV,
818 4193 869 4225 n.
903 4180 1091 4234 ‹is-50,
1125 4179 1163 4224 t.
1198 4191 1278 4232 ιιι,
1313 4189 1364 4237 p.
1409 4179 1665 4233 102-1033
1697 4201 1758 4210 —
1789 4173 2132 4233 Passerinus,
2164 4176 2241 4224 De
2271 4173 2551 4225 hominum
2582 4177 2845 4235 statibus,

595 4273 646 4321 q.
679 4270 948 4314 cmxxxvii,
981 4256 1081 4304 art.
1114 4257 1168 4314 1,
1199 4268 1252 4301 n.
1284 4256 1372 4311 61,
1405 4268 1457 4315 p.
1491 4257 1601 4301 412.
