3192 5025
1237 489 1327 540 DE
1361 489 1527 539 JURE
1562 487 1758 540 ASYLI
2521 486 2622 537 117

365 636 529 700 dato
570 656 729 700 cum
762 634 1067 714 Austria,
1100 656 1209 698 an.
1248 631 1445 714 1855,
1480 639 1610 698 art.
1649 632 1760 707 15,
1801 631 2119 696 statuitur
2153 650 2168 698 :
2217 657 2248 690 «
2282 629 2375 696 Ut
2410 629 2622 696 hono-

368 755 556 812 retur
607 747 851 813 domus
900 747 1058 830 Dei,
1102 747 1219 836 qui
1272 752 1377 812 est
1428 747 1575 812 Rex
1628 767 1866 831 regum
1915 751 1982 809 et
2021 744 2353 809 Dominus
2404 744 2621 809 domi-

363 861 711 942 nantium,
762 883 1118 926 sacrorum
1168 861 1581 946 templorum
1635 859 2030 923 immunitas
2080 857 2496 942 servabitur,
2551 859 2619 922 in

365 983 710 1061 quantum
742 975 814 1040 id
842 975 1125 1061 publica
1152 975 1483 1040 securitas
1510 982 1575 1037 et
1614 995 1687 1038 ea
1727 995 1877 1059 quae
1902 972 2182 1059 justitia
2221 973 2433 1058 emiqit
2467 973 2620 1056 fieri

362 1090 655 1154 sinant¹.
708 1115 741 1150 2>
790 1090 1076 1168 Verum,
1122 1088 1207 1153 ab
1259 1109 1437 1152 anno
1479 1084 1676 1166 1875,
1711 1086 1912 1174 juxta
1950 1085 2262 1172 Vering²‚
2289 1085 2406 1171 jus
2444 1085 2616 1172 asyli

359 1199 651 1267 habetur
685 1209 768 1268 ut
816 1223 1283 1289 suppressum.
1328 1239 1417 1249 -
1460 1199 1606 1281 Sic,
1643 1199 1842 1286 juxta
1885 1198 2232 1278 eumdem,
2277 1199 2347 1262 in
2385 1198 2616 1264 Sardi-

358 1315 509 1394 nia,
556 1315 862 1398 Bavaria,
896 1320 1026 1380 ete.

452 1430 525 1493 3⁰
573 1429 650 1494 In
699 1429 1109 1495 concordato
1158 1451 1313 1493 cum
1362 1426 1737 1517 Republica
1785 1426 2212 1515 AEquatoriS,
2255 1449 2365 1492 an.
2417 1427 2609 1506 1862,

356 1549 488 1608 art.
539 1541 645 1624 10,
690 1543 1059 1610 statuitur:
1105 1569 1137 1604 «
1184 1542 1277 1609 Ut
1316 1542 1683 1606 honoretur
1723 1541 1968 1606 domus
2007 1541 2158 1622 Dei,
2192 1541 2308 1629 qui
2336 1547 2442 1606 est
2465 1541 2614 1606 Rex

358 1657 626 1744 Regum
680 1664 752 1723 et
798 1656 1135 1721 Dominus
1188 1655 1728 1737 dominantium,
1783 1678 2139 1720 sacrorum
2205 1655 2613 1740 templorum

357 1771 759 1836 immunitas
806 1771 1225 1853 servabitur„
1274 1772 1343 1835 ἰη
1371 1777 1714 1857 quantum
1764 1771 1835 1834 id
1862 1770 2143 1856 publica
2190 1771 2513 1834 securitas
2549 1779 2614 1834 et

353 1907 431 1949 ea
492 1907 645 1972 quae
697 1886 981 1973 justitia
1048 1885 1261 1969 exiqit
1320 1885 1472 1968 fieri
1530 1885 1791 1967 sinant,
1859 1890 2064 1971 atque
2131 1883 2199 1947 in
2262 1883 2392 1947 hoc
2451 1906 2612 1948 casu

354 1997 427 2064 S.
472 1999 683 2064 Sedes
723 1998 1091 2079 consentit,
1125 2006 1204 2063 ut
1232 1997 1606 2063 auctoritas
1635 1997 2117 2076 ecclesiastica,
2159 1997 2458 2084 parochi,
2487 2019 2612 2064 nec

350 2135 491 2177 non
548 2112 813 2201 praelati
869 2111 1227 2176 domorum
1279 2110 1730 2198 regularium,
1788 2111 1878 2175 ad
1945 2111 2271 2176 Gubernii
2333 2111 2610 2197 petitio—

353 2249 540 2312 nem,
604 2226 917 2291 tribuant
977 2227 1274 2309 veniam,
1343 2232 1419 2290 ut
1483 2225 1943 2290 extrahantur
2010 2227 2133 2311 qui
2197 2227 2286 2290 ad
2347 2235 2610 2291 sanctas

348 2341 519 2405 aedes
558 2339 999 2425 consuqerint
1023 2339 1068 2404 ³.
1123 2367 1155 2400 »
1215 2338 1413 2417 Quod
1452 2338 1634 2404 idem
1685 2340 1769 2404 de
1811 2338 2019 2404 verbo
2059 2339 2145 2404 ad
2181 2338 2465 2405 verbum
2505 2363 2609 2406 re-

346 2454 607 2551 petitur
643 2454 713 2519 in
751 2453 887 2518 alio
917 2475 1074 2519 cum
1112 2453 1349 2519 eadem
1380 2451 1757 2542 Republica
1787 2454 2222 2535 concordat0,
2257 2476 2368 2521 an.
2405 2453 2602 2536 1881,

343 2575 474 2634 art.
525 2570 607 2635 10
632 2571 676 2634 ⁴.

438 2684 506 2747 4⁰
562 2682 909 2771 Quidquid
965 2680 1107 2769 egit
1163 2681 1302 2745 fere
1366 2681 1619 2769 ubique
1685 2689 1990 2768 potestas
2051 2682 2303 2764 civilis,
2357 2682 2604 2749 Sancta

342 2795 589 2879 SedeS,
644 2803 725 2861 ut
760 2795 1020 2861 dictum
1070 2800 1177 2859 est
1227 2816 1465 2882 supra,
1518 2818 1588 2861 n.
1637 2795 1779 2879 55,
1820 2795 2206 2878 renovavit,
2259 2796 2328 2861 in
2376 2805 2596 2866 const.

341 2910 749 2997 Apostolicae
785 2909 1002 2992 Sedis,
1038 2930 1148 2973 an.
1188 2908 1385 2989 1869,
1418 2932 1695 2996 poenam
1723 2916 1958 2975 contra
1988 2909 2324 2975 violantes
2353 2911 2600 2977 immu—

340 3027 630 3091 nitatem
704 3023 913 3111 asyli,
986 3029 1054 3088 et
1127 3022 1410 3110 proinde
1474 3024 1829 3089 renovavit
1893 3024 2100 3089 etiam
2171 3025 2598 3113 disciplinam

340 3139 553 3227 asyli,
594 3146 673 3203 ut
701 3138 907 3204 etiam
946 3137 1387 3203 confirmatur
1427 3160 1509 3203 ex
1549 3137 1802 3226 duplici
1847 3139 2288 3226 responsione
2340 3138 2590 3228 Congr.

339 3253 411 3319 S.
457 3252 711 3335 Officii,
755 3260 903 3317 tum
946 3251 1027 3316 15
1073 3249 1253 3337 junii
1305 3250 1537 3333 18705,
1604 3257 1754 3316 tum
1801 3253 1887 3316 22
1946 3252 2090 3317 dec.
2149 3252 2402 3335 1880⁶3
2457 3254 2595 3319 imo

334 3366 661 3455 praedicta
710 3364 1110 3431 constitutio
1154 3387 1265 3429 an.
1314 3363 1520 3446 1869,
1573 3365 1746 3430 circa
1795 3366 2033 3448 finem,
2084 3370 2116 3449 ἕ
2153 3366 2594 3432 Decet-nentes

334 3489 407 3547 et
469 3480 629 3545 Non
686 3478 1143 3561 obstantibus,
1201 3477 1580 3565 suppressit
1645 3480 2018 3545 contrarias
2081 3481 2638 3546 consuetudines·

398 3674 415 3707 ¹
452 3673 642 3732 Numi,
677 3670 1074 3722 Conventiones
1104 3669 1250 3720 inter·
1281 3672 1333 3719 S.
1363 3672 1553 3722 Sedent
1581 3674 1634 3722 et
1663 3672 1878 3723 civilem
1895 3675 2236 3737 potestatem,
2271 3676 2584 3739 Moguntioe,

426 3758 455 3799 0
556 3788 569 3801 .
602 3756 712 3799 313.
972 3788 981 3803 ,

330 3758 420 3867 ¹83
449 3766 671 3893 {fg-ing,
701 3827 861 3877 Droil
885 3841 1089 3885 canon,
1120 3828 1262 3877 trad.
1290 3826 1469 3887 Belet,
1498 3828 1675 3888 Paria,
1711 3835 1858 3889 1381,
1893 3834 1930 3879 t.
1963 3846 2025 3889 n,
2059 3846 2110 3893 p.
2145 3835 2250 3879 535.

390 3910 414 3944 ³
446 3909 637 3966 Numi,
669 3907 769 3956 loc.
800 3904 912 3964 cit„
946 3920 1001 3968 p.
1031 3908 1143 3953 352.

388 3990 411 4022 ⁴
446 3984 845 4037 Convenliones
888 3982 1034 4033 inter·
1070 3982 1121 4033 S.
1162 3983 1353 4033 Sedem
1388 3986 1439 4033 et
1479 3984 1693 4034 civilem
1718 3988 2040 4049 potestatem
2069 3987 2171 4035 sub
2211 3986 2388 4037 Leone
2423 3988 2576 4048 XIII,

324 4066 543 4126 Romae,
582 4070 727 4123 1893,
759 4079 812 4126 p.
844 4068 890 4111 6.
924 4088 980 4098 —-
1004 4060 1089 4111 Dc
1110 4062 1233 4125 jure
1263 4063 1402 4126 asyli
1440 4064 1495 4112 in
1526 4064 1690 4113 variis
1727 4066 2063 4129 regionibu8‚
2104 4065 2170 4113 cs.
2205 4068 2367 4115 etiam
2408 4066 2574 4116 Hins-

318 4146 495 4200 chius,
532 4140 963 4199 Kirchenrecht,
997 4142 1037 4191 t.
1069 4155 1139 4199 ιν,
1170 4155 1225 4203 p.
1253 4145 1494 4190 395-398.

384 4224 409 4257 ⁸
440 4224 576 4271 Acta
604 4220 655 4270 S.
687 4219 865 4277 Sedis,
892 4222 931 4268 t.
964 4233 1045 4277 vx,
1074 4232 1128 4280 p.
1160 4222 1402 4268 433-436.

384 4300 409 4335 ⁶
438 4298 603 4356 naid..
635 4301 674 4348 t.
706 4314 795 4359 xv,
828 4313 881 4361 p.
909 4298 1151 4347 536-539.
