3192 5025
619 456 728 510 262
1195 457 1282 508 DE
1317 455 1755 508 cmm-:mnus
1792 457 1875 508 ET
1912 456 2319 507 SEPULTURIS

621 623 897 688 nempe,
942 600 1012 666 in
1058 601 1387 684 Pennen„
1427 599 1847 686 Sepultura»,
1892 599 1933 666 6
1960 599 2117 687 julii
2166 600 2337 667 1737
2366 602 2411 681 ¹,
2454 606 2523 665 et
2568 599 2643 663 in
2679 599 2863 662 Fere-

623 725 854 795 trana‚
905 715 1098 778 Juris
1146 714 1540 800 sepeliendi,
1593 715 1673 778 21
1726 737 1869 802 apr.
1930 714 2183 794 17422;
2224 713 2657 779 incommoda
2696 713 2867 776 enim

620 851 771 916 quae
825 834 1272 916 sequerentur
1322 852 1406 893 ex
1457 828 1802 893 illimitato
1851 828 2005 916 jure
2058 827 2462 919 sepeliendi,
2514 829 2667 892 visa
2719 835 2867 891 sunt

619 941 686 1007 S.
734 940 1266 1029 Congregationi
1316 965 1456 1006 non
1507 943 1835 1024 existere,
1876 942 1996 1007 ubi
2046 943 2271 1030 agitur
2322 943 2405 1007 de
2441 941 2549 1006 his
2592 939 2865 1030 pueUiS‚

617 1078 770 1144 quae
816 1061 979 1120 sunt
1027 1055 1224 1142 quasi
1275 1077 1360 1120 ex
1406 1056 1671 1142 gremio
1718 1064 2131 1138 conventus,
2182 1056 2269 1120 ad
2316 1057 2531 1120 instar
2580 1053 2871 1119 novitia-

617 1191 768 1232 rum
794 1169 838 1232 ³.

705 1283 775 1346 Ι).
816 1280 1186 1347 Saeculares
1215 1282 1534 1348 mulieres
1567 1305 1721 1370 quae
1762 1285 1833 1348 in
1872 1283 2108 1348 iisdem
2147 1284 2607 1365 monasteriis,
2642 1287 2874 1367 samu-

621 1397 800 1462 latus
844 1396 950 1460 vel
996 1395 1303 1482 hospitii,
1346 1405 1470 1461 aut
1505 1397 1643 1461 alia
1688 1419 1921 1480 causa,
1956 1406 2287 1484 perpetuo
2334 1404 2869 1462 commorantur.

616 1549 707 1560 -
743 1509 934 1576 Licet
981 1511 1164 1576 enim
1211 1509 1586 1576 decisiones
1636 1510 1705 1578 S.
1760 1510 2013 1600 Congr.
2070 1511 2280 1578 Cone.
2334 1533 2473 1576 non
2510 1510 2875 1598 respiciant

617 1624 750 1690 nisi
799 1624 1065 1714 puellas
1123 1623 1542 1707 educandas,
1587 1625 1697 1690 his
1749 1632 1981 1692 tamen
2042 1625 2503 1692 assimilandae
2556 1624 2881 1689 videntur

619 1738 938 1804 mulieres
997 1737 1082 1804 de
1131 1737 1382 1828 quibus
1439 1739 1697 1826 agitur,
1758 1763 1913 1829 quae
1970 1747 2133 1805 sunt
2194 1747 2263 1804 et
2318 1739 2487 1827 ipsae
2540 1737 2743 1826 quasi
2798 1736 2878 1801 de

618 1853 878 1939 gremio
917 1852 1316 1918 monasterii
1341 1854 1390 1918 ⁴.

705 1990 762 2030 c.
808 1966 1203 2032 Notandum
1231 1990 1392 2033 vero
1421 1974 1528 2034 est
1555 1967 1679 2034 has
1708 1967 1975 2056 puellas
2002 1973 2122 2032 aut
2158 1967 2479 2032 mulieres
2506 1989 2649 2032 non
2681 1989 2879 2055 posse

619 2077 890 2167 sepeliri
943 2081 1015 2144 in
1065 2081 1454 2148 coemeterio
1509 2080 1941 2162 monialium,
2004 2081 2135 2146 nisi
2184 2082 2282 2147 ihi
2342 2082 2497 2168 ipsae
2550 2081 2881 2166 eleqerint

615 2195 1044 2279 sepulturam
1055 2212 1089 2278 ,⁰
1123 2194 1322 2260 aliter
1357 2195 1538 2260 enim
1577 2195 1999 2283 sepeliuntur
2044 2195 2153 2261 vel
2202 2194 2271 2260 in
2310 2195 2625 2284 sepulcro
2664 2195 2883 2282 majo-

617 2331 804 2390 rum,
873 2309 985 2373 vel
1049 2308 1122 2372 in
1185 2309 1538 2397 parochia,
1591 2308 1795 2397 juxta
1844 2309 1963 2397 jus
2024 2331 2407 2375 commune.
2480 2309 2549 2376 S.
2618 2309 2875 2396 Congr.

621 2421 859 2502 Conc.,
919 2422 992 2486 in
1057 2421 1312 2513 duplici
1379 2423 1588 2489 allata
1656 2423 2107 2506 resolutione,
2168 2445 2491 2513 expresse
2554 2424 2885 2513 supponit

619 2537 906 2603 electam
967 2537 1174 2603 fuisse
1241 2538 1663 2627 sepulturam
1680 2544 1727 2604 ⁵.
1798 2536 2093 2617 Quidam
2165 2545 2399 2604 tamen
2462 2538 2704 2605 dicunt
2768 2561 2883 2603 eas

617 2674 820 2740 posse
859 2652 1065 2717 etiam
1103 2659 1268 2717 tunc
1307 2652 1579 2739 sepeliri
1617 2653 1689 2717 in
1728 2654 2117 2718 coemeterio
2156 2652 2551 2718 monialium
2573 2654 2620 2717 ⁶.

709 2890 905 2961 159.
953 2930 1044 2943 —
1093 2893 1454 2963 Potestas
1501 2895 1855 2983 episcopi
1900 2894 2389 2963 concedendi
2436 2892 2570 2981 jus
2612 2893 2883 2982 sepul-

622 3011 849 3074 turae.
905 3044 993 3055 -—
1057 3006 1151 3073 Ut
1216 3007 1377 3073 alibi
1438 3008 1949 3073 demonstratur
2018 3014 2087 3073 et
2150 3028 2390 3072 omnes
2454 3009 2875 3089 concedunt,

623 3118 982 3207 episcopus
1010 3119 1126 3207 jus
1163 3119 1370 3186 habet
1404 3122 1819 3187 concedendi
1850 3120 1968 3208 jus
2006 3120 2375 3210 sepulturae
2410 3120 2529 3185 alii
2574 3121 2879 3187 ecclesiae

621 3254 760 3297 non
798 3233 1169 3321 parochiali
1205 3257 1329 3300 nec
1366 3235 1688 3322 regulari,
1732 3258 1799 3300 v.
1844 3259 1943 3323 g.‚
1988 3234 2284 3300 oratorio
2319 3232 2619 3322 public0,
2662 3234 2879 3299 eccle-

623 3347 740 3411 si'ae
793 3345 1400 3431 confraternitatiS,
1455 3356 1523 3415 et
1575 3348 1955 3438 praesertim
2016 3347 2488 3413 communitati
2542 3347 2879 3435 religiosa*

622 3468 940 3526 votorum
997 3460 1432 3549 simplicium.
1488 3462 1679 3528 Sicut
1724 3468 1954 3527 autem
2000 3468 2227 3551 potest
2270 3461 2447 3527 illud
2482 3461 2601 3549 jus
2646 3482 2879 3526 conce-

626 3560 808 3657 dere,
844 3575 940 3639 sic
977 3582 1205 3662 potest
1241 3575 1411 3641 illud
1450 3598 1607 3642 cum
1643 3576 1769 3643 tali
1804 3576 1917 3642 vel
1944 3576 2068 3641 tali
2097 3574 2521 3641 restrictione
2560 3583 2680 3641 aut
2716 3596 2877 3639 con-

687 3795 706 3828 ²
749 3794 1084 3853 Thesaurus,
1118 3796 1158 3843 t.
1192 3811 1310 3853 vm,
1341 3811 1394 3857 p.
1427 3800 1672 3844 114-115.

687 3872 709 3906 ²
741 3871 902 3929 thid„
936 3878 977 3923 t.
1003 3888 1083 3933 ιι,
1110 3890 1164 3937 p.
1191 3878 1372 3923 68-70.

687 3952 710 3985 ³
743 3950 826 4000 lta
855 3952 1019 4001 etiam
1050 3952 1324 4011 Maschat‚
1361 3952 1459 4001 loc.
1487 3951 1600 4010 cit„
1634 3967 1687 3999 n.
1719 3958 1765 4000 6.

687 4032 709 4063 ⁴
741 4031 1016 4089 Maschat,
1049 4029 1180 4079 ibid.

689 4111 710 4144 ὅ
737 4109 818 4157 Cf.
851 4108 1166 4171 Pignatelli,
1195 4110 1295 4159 loc.
1329 4108 1443 4168 cit„
1477 4114 1514 4159 t.
1547 4126 1651 4169 vn,
1681 4124 1831 4159 cons.
1864 4124 2015 4169 mnu,
2044 4124 2097 4172 p.
2123 4112 2377 4157 118-119.

688 4186 710 4221 ⁶
743 4186 809 4235 V.
839 4202 912 4250 3.,
947 4186 1242 4247 Passerini,
1283 4188 1360 4237 Dc
1399 4187 1681 4237 hominum
1712 4186 1947 4237 statibus
1977 4188 2027 4235 et
2056 4185 2279 4251 officiis,
2310 4204 2367 4251 q.
2395 4202 2663 4248 cmxxxvii,
2690 4192 2793 4237 nrt.
2827 4192 2869 4245 ι,

625 4280 676 4311 ιι.
709 4267 825 4323 896,
855 4264 1068 4323 Romae,
1103 4270 1248 4328 1663,
1289 4268 1328 4315 t.
1365 4281 1428 4325 n,
1459 4281 1514 4329 p.
1545 4271 1655 4315 209.
