3192 5025
645 471 748 524 324
1213 471 1302 521 DE
1337 469 1769 521 COEMETERHS
1810 471 1890 520 ΕΤ
1930 470 2336 522 SEPULTURIS

643 618 712 681 in
762 639 895 704 quo
943 613 1162 680 fidelis
1210 614 1534 694 decessit,
1586 612 1889 678 indebite
1940 619 2285 678 mortuum
2338 613 2693 701 sepelivit,
2748 613 2895 702 quia

643 752 887 817 nempe
926 728 1172 793 deferri
1209 733 1477 816 poterat
1515 727 1602 792 ad
1637 727 1979 815 propriam
2019 727 2375 792 ecclesiam
2412 727 2892 815 parochialem,

644 851 838 923 tunc,
895 865 1032 907 non
1089 847 1330 929 quarta
1390 864 1580 929 pars,
1626 839 1747 905 sed
1804 841 2031 905 omnia
2088 840 2553 906 emolumenta
2607 841 2897 929 parocho

641 956 914 1046 proprio
953 954 1372 1020 restituenda
1411 961 1572 1019 sunt
1591 957 1635 1019 ¹.

733 1072 803 1136 5⁰
833 1069 1119 1150 Quando
1159 1068 1313 1157 quis
1351 1067 1555 1134 habet
1585 1069 1718 1132 duo
1749 1068 2091 1133 domicilia
2130 1075 2199 1133 et
2237 1067 2564 1157 sepelitur
2600 1067 2677 1133 in
2706 1070 2901 1134 tertio

642 1187 794 1251 loco
832 1182 960 1273 (ob
996 1206 1204 1248 unam
1252 1206 1288 1249 e
1327 1183 1736 1272 supradictis
1782 1181 2069 1270 causis),
2114 1188 2279 1247 tunc
2326 1188 2567 1270 quarta
2617 1180 2903 1248 debetur

643 1297 908 1364 duobus
948 1296 1297 1386 parochiS,
1329 1303 1448 1361 aut
1486 1297 1715 1384 potius
1754 1319 1889 1361 una
1924 1299 2167 1384 quarta
2208 1295 2537 1361 solvenda
2572 1302 2717 1379 est,
2758 1320 2903 1384 qua·

639 1411 993 1501 aequaliter
1033 1409 1244 1475 dividi
1275 1409 1478 1475 debet
1509 1409 1688 1498 inter
1717 1409 1886 1473 duos
1925 1410 2277 1497 parochos,
2318 1447 2393 1459 —
2438 1408 2541 1474 Ita
2580 1431 2903 1498 expresse

639 1528 709 1591 in
735 1549 884 1615 cap.
921 1525 1098 1590 Cum
1127 1525 1306 1611 quis,
1336 1522 1401 1605 2,
1434 1523 1537 1588 Dr:
1563 1544 1943 1588 sepmxrcms
1963 1575 1977 1604 ,
2016 1524 2085 1588 in
2126 1522 2245 1588 VI.
2278 1520 2476 1600 Quod
2502 1521 2719 1611 jussit
2742 1523 2903 1588 fide-

637 1640 794 1706 liter
812 1638 1160 1705 observari
1181 1638 1252 1704 S.
1277 1636 1528 1724 Congr.
1554 1637 1764 1703 Conc.
1780 1689 1794 1718 ,
1820 1637 1891 1701 in
1912 1637 2300 1703 Ariminen.
2310 1689 2331 1721 ,
2362 1637 2447 1704 29
2472 1660 2638 1702 nov.
2664 1636 2896 1704 18512.

731 1754 802 1819 60
833 1751 1180 1841 Parochqs
1211 1751 1526 1840 proprius
1565 1774 1919 1840 nunquam
1953 1751 2161 1816 solvit
2197 1758 2547 1840 quartam,
2588 1774 2719 1816 nec
2746 1775 2899 1840 pro-

639 1867 797 1933 inde
835 1867 1245 1955 quicumque
1282 1865 1474 1932 venit
1511 1866 1788 1931 nomine
1824 1865 2102 1954 parochi
2139 1865 2426 1953 proprii,
2461 1889 2530 1931 v.
2573 1889 2676 1952 g.,
2722 1867 2899 1954 prior

640 1985 1018 2044 conventus
1047 1979 1378 2066 regularis
1408 1977 1691 2044 relative
1718 1979 1805 2043 ad
1826 1979 2222 2066 RegulareS,
2252 1979 2573 2060 novitios,
2594 1979 2896 2068 aliosque

641 2093 723 2158 de
781 2091 1031 2180 quibus
1076 2115 1278 2180 supra
1337 2095 1440 2174 (n.
1505 2092 1666 2162 180
1734 2091 1877 2180 sq.)
1927 2092 2187 2157 dictum
2246 2098 2383 2173 est,
2445 2091 2897 2158 confessarius

640 2206 1037 2272 monialium
1099 2206 1380 2272 relative
1441 2207 1527 2271 ad
1579 2205 1909 2271 moniales
1962 2211 2033 2270 et
2094 2205 2179 2271 ad
2232 2229 2347 2272 eas
2398 2229 2549 2295 quae
2602 2215 2769 2274 sunt
2818 2208 2895 2272 de

639 2319 896 2388 familia
934 2319 1357 2402 monialium,
1403 2319 1798 2407 capellanus
1846 2317 2203 2407 hospitalis
2258 2321 2590 2407 exempti,
2638 2327 2772 2387 etc.
2823 2359 2895 2370 —

640 2435 792 2500 Non
841 2433 1177 2525 excipitur
1227 2433 1360 2500 nisi
1399 2456 1596 2499 casus
1632 2433 1748 2498 ille
1774 2433 2384 2517 extraordinarius,
2416 2432 2501 2498 de
2534 2457 2674 2522 quo
2700 2457 2897 2524 supra

639 2548 746 2637 (n.
797 2549 1012 2638 191),
1077 2572 1210 2637 quo
1269 2570 1515 2637 nempe
1555 2546 1759 2613 funus
1805 2547 1995 2613 fieret
2046 2548 2116 2613 in
2162 2548 2448 2614 ecclesia
2490 2549 2891 2637 parochiali,

642 2669 709 2728 et
747 2662 1109 2727 tumulatio
1137 2663 1220 2735 ⁴in
1263 2662 1513 2743 altera3
1557 2668 1722 2727 tunc
1784 2660 2153 2749 parochuS,
2204 2669 2287 2727 ut
2338 2661 2593 2727 ibidem
2648 2663 2897 2729 dictum

643 2784 778 2855 est,
833 2776 1109 2842 deberet
1166 2782 1476 2864 quartam
1517 2776 1820 2841 ecclesiae
1856 2775 2263 2856 tumulanti.;
2309 2776 2432 2841 sed
2468 2775 2585 2841 illa
2626 2800 2767 2842 non
2802 2786 2900 2843 est

643 2895 894 2975 quarta
932 2890 1199 2978 proprie
1238 2889 1452 2969 dicta,
1501 2888 1585 2953 de
1626 2911 1760 2977 qua
1800 2895 2013 2977 agunt
2051 2912 2371 2955 canones.

733 3003 805 3069 70
835 3002 1121 3080 Quando
1163 3003 1388 3091 agitur
1431 3002 1513 3067 de
1563 3024 1765 3089 vago,
1810 3026 1947 3067 non
1985 2978 2272 3069 debetur
2308 3014 2595 3090 quarta,
2630 3004 2703 3069 in
2744 3029 2900 3071 casu

646 3116 762 3203 qui
795 3116 1124 3204 sequitur.
1153 3116 1379 3203 Vaqus
1403 3115 1703 3205 quidem,
1736 3123 1815 3181 ut
1843 3140 2047 3204 supra
2074 3117 2331 3182 dictum
2362 3124 2468 3183 est
2492 3117 2600 3205 (n.
2621 3120 2761 3206 72,
2780 3120 2895 3207 4⁰),

648 3230 917 3319 sepeliri
959 3230 1161 3297 debet
1203 3231 1272 3295 in
1313 3230 1636 3318 parochia
1685 3230 1754 3294 in
1794 3253 1928 3318 qua
1974 3230 2297 3313 moritur;
2342 3239 2683 3314 attamen,
2732 3234 2793 3299 si
2836 3234 2901 3297 in

647 3346 775 3413 alia
810 3344 1128 3433 parochia
1166 3344 1449 3432 elegerit
1483 3346 1905 3433 sepulturam
1946 3344 2057 3409 vel
2085 3344 2303 3433 (quod
2338 3345 2711 3445 aliquando
2751 3370 2905 3413 con-

647 3461 906 3546 tingere
953 3457 1220 3547 potest)
1266 3457 1576 3523 habuerit
1626 3458 2013 3545 sepulcrum
2062 3458 2427 3548 majorum,
2472 3460 2544 3524 in
2591 3462 2723 3527 hac
2776 3462 2903 3527 alia

649 3574 968 3661 parochia
1005 3572 1277 3662 sepeliri
1313 3571 1538 3639 debet.
1577 3573 1813 3654 Porr0,
1848 3572 1919 3637 in
1957 3573 2083 3637 hoc
2122 3597 2317 3656 casu,
2351 3574 2638 3640 ecclesia
2676 3582 2907 3641 tumu—

649 3688 799 3752 lans
844 3709 982 3751 non
1027 3693 1300 3752 tenetur
1344 3694 1655 3776 quartam
1698 3687 1963 3754 solvere
2010 3687 2346 3777 parochiae
2387 3688 2460 3751 in
2506 3712 2642 3777 qua
2692 3713 2907 3777 vagus

651 3807 960 3866 mortuus
1007 3807 1144 3883 est;
1203 3801 1362 3889 quia
1401 3801 1518 3889 jus
1563 3802 1965 3867 canonicum
2019 3824 2157 3867 non
2206 3801 2502 3867 instituit
2550 3812 2899 3891 quartam,

715 4047 732 4081 ¹
772 4046 920 4095 Licet
945 4044 1000 4095 S.
1031 4044 1224 4107 Congr.
1253 4044 1438 4103 Conc.,
1471 4045 1524 4093 in
1551 4060 1657 4093 una
1684 4045 1872 4097 Sancti
1896 4046 2165 4105 Severini,
2200 4049 2257 4095 1⁴
2285 4050 2424 4109 sept.
2456 4049 2607 4105 1878,
2640 4050 2755 4096 tres
2784 4052 2900 4098 tnn-

653 4129 768 4175 tum
799 4128 1020 4187 quartas
1049 4126 1234 4186 partes
1266 4124 1322 4172 in
1353 4122 1516 4172 simili
1550 4138 1681 4173 casu
1718 4126 1933 4175 restitui
1966 4126 2219 4190 jusserit,
2255 4126 2437 4174 forsan
2474 4125 2603 4189 quia
2636 4126 2904 4187 parochus

653 4204 920 4265 sepeliens
945 4217 1053 4250 non
1078 4202 1194 4251 sine
1221 4202 1402 4265 aliqua
1440 4201 1583 4251 bona
1612 4203 1717 4251 fide
1747 4208 1931 4266 egerat
1960 4204 2333 4267 (Thesaurus,
2358 4206 2398 4253 t.
2426 4218 2639 4253 cxxxvn
2656 4240 2669 4261 ,
2698 4220 2752 4267 p.
2776 4206 2899 4263 5⁴⁰]-

715 4280 739 4315 ²
778 4280 1112 4338 Thesaurus,
1147 4285 1186 4329 t.
1218 4296 1308 4339 cx,
1343 4296 1394 4343 p.
1427 4285 1683 4330 330-336.
