3192 5025
632 474 741 530 112
1534 474 1622 526 DE
1659 473 1993 526 ECCLESIIS

718 642 783 685 a.
824 617 1035 707 Apud
1085 619 1341 685 multos
1394 618 1720 707 populos,
1775 616 1957 683 idem
2002 616 2218 682 honor
2269 613 2566 680 tributus
2619 622 2764 678 erat
2815 618 2889 677 et

631 730 1053 798 tribuebatur
1089 733 1325 798 multis
1362 731 1690 798 falsorum
1737 731 2016 796 deorum
2064 728 2358 816 templiS,
2397 733 2466 793 et
2502 727 2710 793 etiam
2747 733 2888 792 sta-

630 847 769 912 tuis
806 846 1325 934 imperatorum,
1368 851 1447 910 ut
1486 846 1746 911 dictum
1785 851 1926 926 est;

720 960 791 1025 h.
827 959 903 1024 In
941 960 1281 1048 plerisque
1306 958 1628 1047 gentibus
1661 958 1976 1040 excultiS,
2011 957 2191 1023 idem
2217 957 2433 1022 honor
2461 952 2890 1021 tribuebatur

623 1072 890 1140 aedibus
927 1073 1135 1160 legati
1174 1074 1453 1139 alterius
1491 1072 1816 1161 principis
1837 1125 1852 1154 ,
1888 1073 1980 1137 ita
2011 1078 2089 1137 ut
2127 1072 2228 1135 hae
2265 1070 2469 1152 aedes,
2515 1093 2672 1135 cum
2701 1075 2889 1132 certo

630 1188 793 1253 licet
843 1187 1336 1268 moderamine,
1393 1193 1620 1252 tutum
1678 1184 2059 1274 praeberent
2109 1186 2378 1273 asylum
2434 1181 2892 1269 confugienti-

628 1300 799 1366 bus¹
836 1319 853 1366 :
898 1323 1048 1389 quae
1085 1300 1481 1366 immunitas
1516 1305 1826 1365 remanet
1853 1299 2073 1364 adhuc
2113 1298 2334 1379 hodie,
2368 1299 2440 1362 in
2477 1295 2892 1385 quibusdam

632 1412 1059 1502 regionibuS,
1102 1437 1223 1502 pro
1262 1413 1465 1480 certis
1504 1413 1772 1479 delictis
1792 1416 1835 1478 ².

722 1528 954 1609 Unde,
998 1528 1230 1593 statim
1282 1549 1361 1591 ac
1402 1525 1686 1592 libertas
1725 1525 2046 1592 Ecclesiae
2092 1547 2412 1590 concessa
2465 1531 2570 1588 est
2625 1547 2662 1588 a
2715 1521 2894 1588 Con-

624 1642 970 1724 stantinO,
1007 1641 1123 1729 jus
1171 1641 1347 1728 asyli
1393 1647 1619 1705 ortum
1659 1645 1764 1706 est
1801 1639 1871 1704 in
1920 1639 2221 1705 favorem
2261 1638 2674 1726 templorum
2719 1635 2898 1702 chri-

626 1755 1044 1837 stianorum,
1087 1754 1249 1842 quin
1294 1755 1674 1819 necessaria
1726 1753 1929 1819 fuerit
1979 1753 2204 1840 aliqua
2248 1752 2356 1818 lex
2409 1751 2740 1817 canonica
2775 1756 2898 1815 aut

624 1867 881 1932 civilis,

724 1981 798 2044 20
838 1980 1059 2045 Causa
1094 1982 1491 2047 secundaria
1533 1988 1602 2047 et
1641 1982 1920 2046 relativa
1959 1980 2345 2068 reponenda
2386 1987 2490 2044 est
2537 1979 2607 2043 in
2646 1979 2900 2064 specia-

640 2094 819 2158 libus
855 2094 1201 2180 adjunctis
1237 2101 1622 2183 temporum
1662 2093 1968 2176 illorum,
2003 2116 2247 2182 nempe
2287 2093 2491 2159 medii
2529 2093 2686 2172 aevi,
2721 2113 2900 2178 prze-

632 2206 832 2294 cipue
892 2207 961 2270 in
1015 2207 1320 2271 vindictae
1367 2208 1654 2295 privatae
1709 2208 2097 2291 insolentia,
2149 2216 2218 2272 et
2252 2207 2548 2294 justitiae
2598 2205 2902 2291 publica·

610 2319 1034 2400 excessibus.
1080 2321 1257 2385 Nam
1290 2339 1306 2387 ε

725 2457 792 2500 a.
852 2433 1045 2499 Sicut
1102 2434 1474 2499 necessitas
1522 2432 1785 2499 vitandi
1850 2434 2224 2499 vindictam
2296 2435 2634 2523 privatam
2692 2453 2904 2496 causa

636 2547 768 2614 fuit
804 2547 1149 2637 aperiendi
1196 2548 1375 2635 apud
1420 2548 1694 2614 Judaeos
1733 2550 2031 2614 civitates
2069 2550 2359 2635 refuyii,
2401 2554 2481 2614 ut
2518 2554 2712 2635 patet
2750 2546 2906 2634 ipso

632 2684 829 2727 sacro
870 2669 1063 2726 textu
1104 2660 1379 2747 (Josue‚
1424 2682 1541 2743 xx,
1586 2660 1700 2751 3),
1744 2662 1842 2727 sic
1881 2670 1949 2727 et
1996 2661 2233 2727 eadem
2271 2662 2680 2743 necessitaS‚
2725 2667 2908 2725 tem-

638 2798 799 2863 pore
838 2773 1426 2864 perturbationum
1456 2775 1662 2840 medii
1699 2776 1827 2839 aevi
1865 2776 2210 2841 nascentis
2255 2782 2324 2841 et
2365 2774 2699 2855 labentis,
2744 2796 2910 2839 sua·—

639 2889 730 2952 sit
770 2887 1088 2952 Ecclesiae
1138 2894 1218 2953 ut
1268 2888 1352 2952 iis
1390 2887 1706 2953 omnibus
1758 2888 1875 2975 qui
1921 2888 2242 2954 vindicta}
2292 2889 2575 2977 privatae
2623 2886 2912 2953 obnoxii

640 3006 901 3079 essent,
936 2999 1229 3086 plurima
1269 3001 1416 3066 loca
1455 3001 1698 3089 refugii
1735 3002 2048 3089 aperiret.

727 3114 797 3178 Ι).
874 3111 1030 3176 Non
1100 3113 1333 3178 deerat
1389 3114 1665 3201 quidem
1709 3116 1992 3201 justitia
2053 3138 2173 3180 seu
2229 3116 2525 3180 vindicta
2577 3115 2915 3201 publica,·

631 3226 763 3291 sed
793 3226 995 3290 nimis
1021 3233 1347 3311 prompta
1388 3233 1531 3291 erat
1568 3234 1638 3291 et
1675 3228 1850 3292 dura
1873 3250 1898 3293 .·
1928 3229 2129 3292 nimis
2157 3238 2510 3315 prompta,
2551 3229 2741 3293 unde
2779 3250 2914 3293 nec

641 3339 773 3403 reis
804 3336 1092 3403 dabatur
1127 3344 1399 3426 tempus
1445 3340 1728 3427 parandi
1775 3339 2272 3423 defensionem,
2315 3365 2440 3407 nec
2489 3342 2908 3429 praesertim,

639 3450 824 3538 quod
862 3450 1300 3515 vehementer
1324 3452 1798 3518 commovebat
1837 3452 2236 3535 Ecclesiam,
2264 3463 2537 3542 tempus
2566 3455 2916 3544 poeniten-

642 3562 753 3627 tioe
792 3562 877 3627 ad
916 3563 1206 3628 salutem
1243 3572 1608 3649 aeternam,·
1657 3567 1858 3630 nimis
1894 3567 2105 3652 dura,
2149 3569 2309 3657 quia
2349 3568 2914 3656 frequentissima

644 3682 789 3739 erat
814 3698 1017 3764 poena
1044 3676 1305 3757 mortis,
1340 3684 1479 3757 aut,
1513 3678 1698 3765 quod
1727 3678 1898 3744 forte
1936 3680 2171 3747 durius
2211 3690 2380 3763 erat,
2417 3682 2910 3748 mutilationis·

634 3784 911 3864 Quibus
962 3786 1277 3853 omnibus
1333 3790 1533 3854 malis
1589 3794 1882 3857 occurrit
1921 3793 2221 3861 Ecclesia
2281 3818 2406 3883 per
2467 3794 2916 3883 disciplinam

708 4029 725 4063 ¹
762 4029 845 4079 De
865 4043 974 4091 quo
1004 4028 1072 4077 cr.
1097 4028 1258 4089 olivi,
1284 4030 1339 4078 in
1360 4030 1537 4079 Revne
1560 4032 1874 4099 camelique
1903 4035 1999 4084 des
2028 4036 2373 4087 institution-s
2397 4040 2451 4087 et
2479 4038 2555 4087 du
2576 4037 2750 4098 droit,
2775 4039 2918 4089 fasc.

639 4108 785 4232 :epu
818 4108 873 4156 et
902 4108 1010 4231 οξξ.
1044 4110 1192 4167 1886;
1212 4132 1275 4145 -
1296 4108 1509 4169 venel,
1539 4109 1588 4159 le
1614 4108 1781 4162 Droit
1808 4111 1904 4161 des
1929 4128 2092 4177 qens,
2118 4116 2210 4164 liv.
2239 4115 2336 4177 IV,
2355 4132 2405 4166 c.
2431 4132 2501 4176 ix,
2527 4116 2728 4177 Leide,
2755 4122 2918 4179 175⁸,

674 4220 688 4233 .
718 4200 782 4243 ιι,
814 4200 867 4246 p.
901 4190 923 4231 1
1021 4198 1101 4245 sq.

710 4260 734 4295 ²
768 4260 834 4311 V.
864 4276 937 4324 g„
963 4262 1018 4309 in
1046 4260 1325 4322 republica
1351 4262 1612 4323 Per-uana,
1639 4280 1738 4328 pro
1758 4267 1970 4318 delictis
1983 4270 2258 4333 pumicis,-
2281 4273 2351 4323 cf.
2377 4274 2472 4323 cit.
2495 4273 2697 4331 Βουιιε,
2719 4288 2781 4337 p.
2799 4278 2918 4325 267.
