3192 5025
592 474 682 524 DE
716 472 993 525 sumnus
1028 471 1317 526 PAnocm
1354 473 1438 523 ET
1474 472 1810 526 Eccmsm
1845 473 2266 526 TUMULANTIS
2457 473 2562 526 307

300 617 663 709 (pubere);
706 640 869 705 ergo
898 639 1037 682 non
1064 623 1355 706 possunt
1394 616 1746 706 praefatam
1775 617 2274 683 ordinationem
2311 617 2560 686 facere.

298 771 395 784 —
442 732 769 799 Ceterum
811 738 1133 798 tenentur
1178 731 1460 819 exsequi
1505 731 1938 798 voluntatem
1984 730 2322 814 defuncti;
2371 733 2564 822 atqui

302 845 673 913 defunctus
702 845 873 933 (nisi
909 845 1097 912 aliud
1124 868 1445 934 expresse
1473 845 1694 930 dicat)
1721 852 2040 912 censetur
2067 869 2142 912 se
2179 869 2567 914 accommo-

301 961 469 1026 dare
509 960 595 1025 ad
634 959 1155 1048 dispositionem
1190 959 1367 1048 juris
1404 959 1814 1025 communis.
1855 997 1950 1010 --
1985 959 2444 1027 Confirmatur
2479 984 2566 1028 ex

303 1075 527 1139 relata
566 1075 665 1163 (n.
689 1072 878 1160 190,
910 1073 1009 1162 20)
1044 1073 1457 1139 resolutione
1484 1072 1553 1139 S.
1578 1071 1830 1161 Congr.
1854 1073 2095 1156 Conc.,
2121 1074 2193 1138 in
2232 1098 2368 1140 una
2385 1075 2567 1140 Civi-

308 1189 471 1254 tatis
509 1187 938 1272 Castellanae,
982 1187 1067 1254 28
1106 1188 1253 1276 jan.
1301 1186 1508 1268 1764,
1554 1187 1625 1252 in
1663 1210 1800 1275 qua
1845 1210 2164 1276 expresse
2204 1188 2570 1275 denegavit

304 1301 674 1368 heredibus
703 1300 823 1388 jus
861 1301 957 1367 sic
1000 1301 1435 1390 disponendi.

399 1417 469 1481 h.
514 1414 687 1503 Cogi
732 1423 1083 1504 nequeunt
1121 1415 1405 1480 heredes
1450 1421 1561 1496 ut,
1604 1420 1974 1503 antequam
2013 1437 2258 1505 corpus
2304 1415 2571 1482 defera-

306 1537 424 1596 tur
451 1531 541 1596 ad
576 1529 941 1596 ecclesiam
977 1530 1438 1596 tumulantem
1468 1529 1632 1618 (pro
1661 1529 1894 1595 funere
1933 1536 2004 1595 et
2037 1529 2566 1619 tumulatione),

306 1644 601 1710 ducatur
633 1644 825 1733 prius
869 1644 958 1710 ad
1004 1643 1365 1709 ecclesiam
1399 1643 1893 1732 parochialem,
1932 1651 2014 1710 ut
2059 1643 2442 1710 celebretur
2475 1643 2572 1710 ibi

308 1757 505 1824 aliud
551 1757 853 1825 officium
872 1810 891 1842 ,
933 1758 1047 1824 vel
1098 1763 1369 1824 tantum
1412 1765 1494 1824 ut
1540 1757 1912 1824 recitentur
1947 1758 2260 1846 quaedam
2303 1781 2574 1846 preces.

308 1912 403 1922 —
435 1873 641 1939 Ratio
670 1878 779 1938 est
812 1871 977 1962 quia
1010 1894 1151 1938 non
1188 1877 1297 1937 est
1340 1871 1760 1959 imponenda
1795 1871 2158 1940 heredibus
2205 1871 2534 1961 obligatio
2551 1923 2570 1955 ,
2681 1857 2686 1862 ⁸

309 2010 447 2075 qua
498 1986 693 2052 nullo
742 1986 949 2051 modo
1010 1991 1333 2051 tenentur
1380 1984 1500 2074 (ut
1536 1985 2082 2052 demonstratum
2135 1993 2240 2052 est
2288 2009 2574 2054 numero

310 2099 717 2189 superiori),
768 2139 859 2150 -
906 2107 1059 2166 tum
1108 2100 1269 2188 quia
1306 2097 1505 2164 aliter
1546 2099 1968 2166 minueretur
2017 2100 2298 2168 libertas
2349 2102 2576 2188 sepul·-

312 2221 483 2280 turae
523 2237 849 2280 concessa
888 2213 1364 2302 RegularibuS.
1420 2214 1511 2279 Et
1550 2237 1788 2280 revera
1825 2213 2058 2282 Sixtus
2107 2215 2230 2298 IV,
2267 2215 2340 2280 in
2385 2215 2576 2282 bulla

309 2329 693 2416 Reqimini,
746 2329 824 2396 31
881 2333 1019 2394 oct.
1064 2327 1272 2410 1474,
1313 2329 1347 2412 ἕ
1386 2329 1495 2410 37,
1538 2329 1880 2396 concessit
1915 2328 2332 2412 MinoribuS,
2373 2337 2454 2396 ut
2489 2330 2578 2398 ad

312 2443 490 2509 hanc
529 2442 1011 2511 deductionem
1066 2441 1138 2506 in
1194 2441 1553 2508 ecclesiam
1603 2441 2064 2531 parochialem
2107 2465 2233 2509 nec
2279 2443 2416 2531 ipsi
2449 2465 2576 2511 nec

312 2558 601 2625 heredes
638 2558 792 2645 cogi
826 2557 1100 2646 possint
1126 2556 1327 2622 inviti
1350 2559 1395 2623 ¹.

401 2697 465 2740 c.
507 2673 837 2739 Attamen
853 2723 872 2753 ,
913 2670 1115 2737 modo
1152 2693 1294 2736 non
1330 2670 1489 2735 inde
1517 2677 1842 2757 gravetur
1869 2670 2154 2737 ecclesia
2188 2670 2570 2749 tumulans,

310 2793 609 2876 possunt
645 2792 889 2875 sponte
942 2784 1227 2851 heredes
1287 2783 1648 2872 disponere
1693 2790 1775 2851 ut
1818 2807 2064 2874 corpus
2112 2784 2458 2852 deferatur
2485 2786 2578 2851 ad.

314 2902 674 2967 ecclesiam
710 2898 1201 2989 parochialem,
1244 2905 1320 2964 ut
1366 2898 1463 2963 ibi
1498 2898 1816 2987 quaedam
1861 2922 2096 2987 preces
2132 2900 2336 2981 fiant;
2385 2904 2460 2967 et
2499 2900 2576 2965 in

312 3016 443 3082 hoc
505 3038 717 3082 sensu
775 3013 1129 3103 respondit
1191 3012 1281 3078 S:
1324 3012 1581 3100 Congr.
1645 3012 1888 3093 Conc.‚
1949 3012 2023 3078 in
2091 3013 2569 3097 Volaterrana,

314 3131 401 3198 23
451 3130 625 3197 febr.
676 3136 748 3196 et
794 3128 879 3195 16
915 3126 1145 3194 martii
1193 3127 1401 3209 1726,
1449 3128 1539 3192 ad
1582 3128 1660 3209 2,
1712 3150 1961 3215 nempe
2007 3128 2338 3193 cadavera
2375 3150 2578 3216 paro-

316 3244 717 3310 chianorum
734 3294 751 3325 ,
810 3248 1177 3330 antequam
1238 3240 1628 3307 deferantur
1677 3241 1766 3306 ad
1817 3240 2176 3307 ecclesiam
2225 3241 2578 3307 tumulan-

314 3366 495 3441 tem,
536 3381 675 3424 non
722 3380 871 3424 esse
902 3356 1253 3445 ¹portanda
1296 3356 1368 3420 in
1414 3354 1774 3423 ecclesiam
1817 3355 2310 3444 parochialem,
2365 3382 2398 3417 «
2440 3354 2576 3420 nisi

313 3474 681 3541 defunctus
739 3471 855 3537 vel
920 3472 1113 3537 heres
1169 3469 1371 3536 aliter
1432 3469 1895 3537 ordinaverint
1913 3472 1977 3551 ²;
2025 3496 2064 3531 ι)
2119 3476 2284 3535 tunc
2344 3476 2576 3535 autem

310 3588 618 3677 parocho
660 3586 975 3653 recitanti
1022 3584 1355 3673 quasdam
1398 3607 1636 3673 preces
1691 3590 2026 3673 proesente
2071 3606 2350 3673 corpore
2367 3636 2384 3665 ,
2436 3605 2574 3649 non

312 3702 653 3768 debentur
686 3700 821 3775 nisi
852 3726 885 3761 «
922 3700 1261 3765 intortitia
1296 3704 1569 3765 tantuin
1603 3721 1756 3787 quae
1774 3705 2138 3784 ponuntur
2164 3699 2341 3764 circa
2379 3699 2584 3764 cada-

313 3838 433 3881 ver
490 3834 569 3899 »,·
614 3821 696 3881 ut
751 3814 949 3897 ibid„
1004 3813 1094 3878 ad
1144 3814 1221 3893 3,
1262 3811 1616 3898 respondit
1655 3811 1724 3877 S.
1769 3810 2024 3898 Congr.
2065 3822 2156 3863 -'-
2195 3812 2374 3891 1m0‚
2415 3834 2578 3878 cum

314 3952 671 4018 nunquam
718 3927 887 3993 satis
924 3904 1105 3993 orari
1148 3925 1380 4015 possit,
1412 3948 1537 4014 pro
1585 3924 1928 3991 defunctis
1943 3978 1960 4009 ,
2002 3928 2292 4015 possunt
2329 3932 2588 4014 sponte.

380 4134 399 4168 ¹
435 4131 751 4183 Ball-arium
774 4130 1077 4189 Minor-um,
1104 4129 1319 4188 Romoe,
1342 4133 1491 4197 1759,
1516 4132 1555 4179 t.
1588 4144 1668 4189 vt,
1699 4144 1754 4192 p.
1785 4128 2078 4179 186.-Cr.
2112 4128 2492 4188 Reiffenstuel,
2514 4129 2572 4178 tn

312 4214 407 4263 tit.
434 4212 515 4262 De
540 4210 871 4277 sepulturis,
900 4225 957 4259 n.
987 4214 1067 4258 38.

377 4292 403 4326 ²
440 4290 782 4349 Thesaurus,
810 4293 851 4338 t.
877 4304 959 4347 ιιι,
990 4302 1043 4350 p.
1078 4290 1196 4345 285,
1229 4290 1337 4335 289.
