3192 5025
642 517 745 570 332
1210 516 1299 566 DE
1334 515 1766 566 COEMETERHS
1807 517 1888 565 ET
1925 515 2331 567 SEPULTURIS

642 663 711 728 S.
758 660 1010 747 Congr.
1056 658 1367 726 Concilii.
1411 659 1608 726 Unde
1656 659 1896 740 etiam,
1939 658 2139 746 juxta
2177 658 2261 723 de
2299 660 2622 747 Angelis,
2681 686 2714 718 «
2757 681 2890 722 non

638 773 931 840 habente
983 773 1275 861 amplius
1326 774 1555 839 locum
1605 773 1974 862 sepultura*
2025 773 2354 839 electione
2379 826 2396 856 ,
2439 773 2708 838 inutilia
2748 772 2892 838 red-

640 889 781 954 dita
819 895 981 952 sunt
1036 887 1156 952 illa
1203 887 1557 976 privilegia
1613 887 1994 952 tumulandi
2047 910 2367 953 concessa
2414 888 2720 954 ecclesiis
2759 909 2890 952 non

640 1001 1139 1091 parochialibus
1164 1005 1206 1071 ¹.
1260 1029 1291 1062 υ
1739 1001 1742 1004 ’

732 1231 921 1300 207.
980 1271 1069 1280 -
1130 1232 1178 1300 J
1182 1231 1782 1317 urisprudentia
1845 1232 2264 1300 sacrarum
2331 1231 2896 1317 congregatio—

640 1365 834 1412 num
862 1346 1424 1413 Romanarum.
1440 1383 1527 1393 -
1550 1345 1601 1410 J
1601 1354 1764 1409 uxta
1775 1346 2120 1430 plurimas
2139 1346 2499 1409 decisiones
2521 1345 2896 1408 Sacrarum

642 1461 1265 1545 Conqreqationum
1314 1459 1812 1542 Romanarum,
1865 1481 1948 1522 ex
2007 1459 2429 1524 institutione
2487 1459 2900 1522 coemeterio-

644 1597 801 1640 rum
838 1575 1334 1657 communium,
1384 1574 1561 1637 nihil
1583 1574 1892 1659 juridice
1933 1580 2276 1637 mutatum
2323 1580 2420 1636 est
2465 1573 2694 1658 quoad
2720 1573 2898 1658 jura

641 1689 958 1753 canonica
1006 1687 1439 1753 ecclesiarum
1478 1687 2050 1773 particularium,
2110 1688 2202 1752 ita
2255 1695 2332 1751 ut
2383 1686 2618 1771 fideles
2671 1685 2902 1750 adhuc

640 1803 887 1887 eliqere
916 1803 1183 1886 possint
1220 1801 1562 1866 ecclesiam
1601 1801 1982 1888 quamlibet
2011 1823 2145 1886 pro
2182 1801 2324 1866 suis
2359 1801 2731 1886 funeribus
2782 1823 2901 1862 ex·-

636 1917 934 2000 plendis,
969 1924 1031 1979 et
1070 1916 1352 1980 ecclesiae
1394 1916 1715 1980 habentes
1750 1915 2060 2001 sepulcra
2097 1914 2438 2000 qentilitia
2476 1914 2704 1978 adhuc
2728 1915 2903 2000 jure

641 2032 981 2114 fruantur
1028 2029 1342 2113 explendi
1392 2033 1644 2115 funera
1705 2030 1953 2094 horum
2012 2028 2356 2113 fidelium,
2416 2049 2718 2113 quorum
2763 2027 2902 2090 lta-c

642 2151 804 2207 sunt
838 2143 1181 2228 sepulcra,
1213 2144 1273 2208 si
1314 2144 1704 2209 moriantur
1735 2144 1992 2230 absque
2029 2143 2343 2208 electione
2381 2142 2665 2207 alterius
2699 2139 2904 2206 eccle-

642 2259 778 2322 siae.
822 2295 911 2304 —-
951 2229 1241 2323 Constat
1274 2275 1290 2322 :

737 2374 805 2435 10
841 2371 981 2436 Pro
1018 2370 1229 2436 Sacra
1272 2371 1811 2458 Conqrcqatione
1843 2369 2162 2453 Concilii,
2195 2369 2704 2436 enumeratione
2735 2392 2904 2456 prae·

642 2486 993 2575 cipuarum
1034 2509 1389 2553 causarum
1426 2504 1441 2552 :

732 2624 795 2667 a.
841 2601 919 2665 In
962 2599 1417 2684 Cauterium„
1460 2600 1868 2685 Sepulturae,
1903 2622 2052 2687 quae
2093 2599 2220 2664 fuit
2243 2599 2496 2687 pluries
2525 2597 2895 2687 proposita,

636 2695 730 2780 ¹ad
768 2715 1207 2781 maturiorem
1236 2722 1305 2779 et
1341 2714 1718 2802 pleniorem
1757 2712 2340 2793 deliberationem,
2375 2712 2461 2778 20
2501 2735 2660 2777 nov.
2701 2710 2894 2788 1819,

650 2828 729 2894 18
772 2827 915 2894 dec.
966 2828 1169 2911 1819,
1214 2829 1298 2895 23
1341 2826 1519 2915 junii
1560 2827 1768 2908 1821,
1811 2828 1896 2892 24-
1939 2850 2095 2892 nov.
2146 2826 2382 2897 18212.
2426 2826 2506 2891 In
2555 2826 2684 2891 hac
2721 2824 2898 2891 deci-

646 2964 797 3007 sum
827 2949 962 3024 est,
1000 2942 1355 3008 ecclesiam
1386 2941 1752 3007 habentem
1791 2941 2176 3029 sepulcrum
2207 2939 2649 3028 gentilitium,
2685 2939 2898 3005 adhuc

645 3056 776 3120 frui
862 3056 1034 3143 (non
1118 3056 1433 3124 obstante
1508 3056 1848 3121 erectione
1933 3055 2304 3121 coemeterii
2386 3052 2680 3143 publici)
2750 3054 2896 3141 jure

646 3170 965 3257 explendi
1005 3170 1239 3236 funera
1278 3169 1614 3253 fidelium,
1659 3192 1948 3257 quorum
2001 3176 2146 3234 erat
2191 3168 2320 3235 hoc
2367 3169 2789 3257 sepulcrum,
2831 3172 2894 3231 et

644 3285 1059 3374 percipiendi
1106 3285 1564 3350 emolumenta
1617 3284 1902 3365 funeriS‚
1961 3292 2243 3372 excepta
2290 3290 2531 3370 quarta
2584 3280 2884 3347 funerali.

736 3402 802 3465 h.
848 3398 926 3463 In
964 3400 1410 3483 Derthonen.,
1453 3399 1696 3485 spolii,
1738 3398 1823 3462 24
1865 3396 2090 3462 martii
2133 3396 2338 3478 1821,
2388 3397 2468 3462 14
2510 3419 2653 3484 apr.
2701 3395 2882 3475 1821,

646 3515 731 3579 ad
770 3513 877 3579 4³.
925 3513 1003 3578 In
1040 3513 1167 3579 hac
1218 3513 1519 3578 decisum
1576 3518 1682 3577 est
1737 3511 2037 3600 capitulo
2091 3511 2469 3597 collegiatae
2521 3508 2884 3575 conceden-

644 3626 802 3693 dam
863 3651 1010 3692 esse
1072 3628 1654 3693 manutentionem
1717 3626 1787 3689 in
1844 3625 2272 3714 possessione
2310 3622 2486 3713 juris
2533 3620 2880 3712 peragendi

646 3741 1001 3828 exsequias
1053 3742 1121 3805 in
1175 3742 1445 3829 propria
1502 3740 1821 3821 ecclesia,
1875 3748 1945 3806 et
1979 3738 2392 3829 percipiendi
2439 3738 2875 3803 emolumenta

638 3854 836 3941 juxta
874 3854 1185 3937 solitum,
1228 3878 1366 3921 non
1412 3854 1730 3920 obstante
1770 3852 2254 3919 constitutione
2289 3852 2546 3941 publici
2583 3856 2874 3917 coemete-

646 3993 764 4051 rna,
809 3993 879 4034 m
916 3992 1099 4038 casu.

710 4186 727 4218 ¹
762 4185 823 4232 In
852 4186 937 4234 tit.
969 4184 1045 4232 De
1070 4184 1397 4247 sepulturis,
1432 4200 1482 4233 n.
1516 4190 1569 4241 3,
1606 4183 1818 4241 Romae,
1855 4187 1999 4241 1879,
2033 4186 2070 4231 t.
2105 4198 2166 4239 n,
2199 4184 2337 4245 part.
2371 4187 2426 4240 2,
2459 4195 2512 4244 p.
2547 4186 2620 4229 12.

707 4262 728 4296 ²
768 4262 1101 4320 Thesaurus,
1134 4266 1174 4311 t.
1206 4278 1385 4321 Lxxxx,
1418 4278 1471 4325 p.
1502 4266 1621 4319 33³,
1653 4265 1772 4321 3123
1807 4265 1847 4311 t.
1881 4276 2058 4311 cxxxi.
2087 4276 2140 4323 p.
2167 4264 2284 4316 189,
2318 4264 2428 4308 317.

711 4340 732 4373 ³
764 4340 925 4398 Ibid„
960 4344 997 4390 t.
1032 4355 1211 4397 Lxxxx,
1242 4356 1296 4403 p.
1330 4345 1446 4399 105,
1480 4344 1587 4389 128.
