3192 5025
575 461 663 512 DE
701 462 870 513 JURE
909 462 1188 516 PUBLICO
1229 466 1558 521 ECCLESIAE
1597 472 1825 533 QUOAD
1864 476 2287 534 SEPULTURAS
2458 486 2562 541 369

297 605 694 671 coemeterio
743 604 1142 673 distinctam
1191 616 1262 675 et
1311 634 1611 700 congruo
1664 618 1867 684 modo
1920 632 2332 713 separatam,
2372 639 2452 697 ut
2492 632 2563 699 in

296 717 426 784 hac
476 726 671 807 parte
723 716 938 786 libere
974 721 1195 809 possit
1251 724 1550 792 officium
1587 728 1867 799 funebre
1906 737 2241 807 ordinare.
2290 780 2380 794 —
2422 748 2561 815 Nec

293 831 569 899 dicatur
615 831 745 899 hoc
793 856 1173 923 repugnare
1219 840 1671 925 praesentibus
1718 847 2093 919 rationibus
2140 862 2555 947 temporum,
2643 900 2655 910 ·

293 968 456 1011 cum
509 969 750 1013 omnes
797 948 984 1013 cives
1032 950 1173 1017 sint
1217 953 1514 1041 aequales
1552 980 1779 1023 coram
1845 964 2222 1052 republica,
2266 972 2449 1061 lege,
2493 985 2563 1043 et

292 1059 704 1147 municipio,
749 1057 947 1150 cujus
977 1070 1082 1129 est
1119 1067 1842 1157 coemeterium.·Nam,
1876 1087 2151 1147 econtra
2188 1084 2331 1152 haec
2370 1112 2562 1179 sepa-

292 1173 471 1239 ratio
513 1174 808 1239 maxime
860 1178 1183 1245 convenit
1232 1182 1487 1247 nostris
1539 1188 1995 1274 temporihuS,
2040 1196 2288 1283 quibus
2329 1209 2558 1270 tanto-

290 1310 456 1376 pere
513 1290 926 1375 praedicatur
991 1290 1090 1357 sic
1163 1293 1347 1359 dicta
1404 1296 1683 1365 libertas
1748 1304 2085 1373 cultuum.
2157 1309 2313 1399 Ipsa
2376 1320 2557 1383 enim

291 1402 652 1490 sepultura
689 1403 1020 1487 fidelium,
1065 1405 1339 1494 qualem
1368 1408 1521 1497 jure
1562 1436 1686 1478 suo
1717 1417 2055 1486 ordinavit
2085 1422 2410 1513 Ecclesia,
2456 1442 2561 1500 est

290 1538 404 1582 res
443 1516 800 1605 religiosa,
843 1518 983 1583 imo
1035 1543 1192 1609 pars
1221 1522 1450 1611 aliqua
1497 1527 1757 1612 cultim,
1801 1538 1871 1596 et
1906 1534 2347 1621 professionis
2399 1547 2561 1612 reli-

289 1630 521 1717 gionis
559 1630 936 1700 catholicae.
981 1634 1162 1721 Ergo
1192 1634 1394 1722 juxta
1434 1636 1661 1726 ipsum
1698 1643 1795 1709 sic
1837 1645 2095 1715 dictum
2133 1655 2557 1745 principium

293 1745 637 1811 libertatis
683 1746 1034 1829 cultuum,
1069 1747 1186 1835 jus
1239 1749 1492 1817 habent
1535 1754 1719 1821 cives
1766 1760 2113 1847 catholici,
2154 1774 2233 1833 ut
2279 1775 2555 1840 omnino

288 1858 492 1925 liberi
535 1860 677 1925 sint
734 1860 804 1924 in
858 1860 984 1927 hac
1037 1866 1413 1936 exercenda
1463 1875 1656 1955 parte
1713 1872 1939 1939 cultus
1988 1885 2055 1942 et
2114 1883 2555 1968 professionis

288 1997 470 2056 suae,
513 1981 584 2040 et
621 1974 907 2063 proinde
960 1983 1037 2042 ut
1088 1976 1384 2045 habeant
1433 1980 1659 2047 locum
1713 1988 2077 2074 sepulturae
2129 2007 2549 2087 separatum,

287 2090 360 2153 in
401 2112 538 2177 quo
577 2086 794 2153 libere
829 2090 1122 2178 possint,
1147 2091 1346 2179 juxta
1385 2094 1574 2183 leges
1613 2098 1957 2185 Ecclesiae,
1988 2104 2296 2177 funebria
2335 2116 2557 2185 officia

286 2201 642 2284 ordinare,
687 2208 758 2267 et
817 2203 888 2267 in
947 2202 1245 2270 fraterna
1303 2211 1815 2296 communione,
1861 2218 2157 2288 exclusis
2208 2225 2509 2317 indignis
2534 2288 2549 2317 ‚

285 2315 699 2404 quiescere¹.

381 2430 450 2495 4⁰
501 2430 632 2495 Jus
681 2432 976 2519 neqandi
1028 2434 1456 2520 sepulturam
1511 2440 2022 2513 ecclesiasticam
2076 2452 2201 2537 eis,
2253 2478 2425 2542 quos
2480 2484 2555 2528 ea

287 2545 610 2632 indiqnos
663 2546 808 2631 ipsa
842 2546 1286 2632 judicaverit.
1345 2587 1433 2599 -—
1491 2551 1568 2652 In
1627 2553 1911 2622 dubium
1960 2568 2261 2632 revocari
2316 2575 2555 2662 nequit

281 2659 432 2725 haec
463 2658 788 2724 Ecclesiae
825 2665 1163 2748 potestas;
1207 2681 1408 2728 nam:
1455 2667 1516 2732 1.
1560 2665 1762 2733 Ratio
1800 2669 2075 2740 illorum
2113 2676 2448 2749 honorum
2484 2694 2552 2753 et

281 2795 600 2861 precum,
663 2772 912 2860 quibus
973 2781 1245 2841 constat
1307 2777 1658 2864 sepultura
1718 2784 2206 2876 ecclesiastica,
2278 2799 2549 2884 penitus

281 2885 515 2950 deficit
566 2886 637 2951 in
681 2885 820 2950 illis
872 2885 1244 2971 defunctis,
1301 2912 1589 2978 quorum
1643 2918 1923 2986 corpora
1976 2900 2247 2974 fuerunt
2295 2911 2549 2982 instru-

279 3006 516 3065 menta
565 2999 890 3087 nequitiae
951 3006 1020 3066 et
1080 3011 1514 3070 reservantur
1553 3008 1641 3073 ad
1698 3009 1925 3098 ignem
1982 3025 2053 3083 et
2102 3019 2545 3109 ignominiam

281 3119 642 3194 mternam3
700 3151 788 3162 —
830 3114 895 3179 2.
941 3114 1304 3202 Sepultura
1355 3119 1813 3191 ecclesiastica
1865 3137 1971 3196 est
2015 3155 2173 3220 pars
2219 3147 2289 3204 et
2324 3144 2543 3209 conti-

277 3226 519 3292 nuatio
557 3226 1058 3293 communionis
1095 3229 1601 3318 ecclesiasticae;
1646 3239 1825 3304 unde
1862 3265 2134 3331 aequum
2172 3257 2278 3317 est
2313 3261 2391 3320 ut
2439 3257 2541 3322 illi

277 3341 400 3430 qui
451 3340 766 3406 viventes
817 3339 906 3405 ob
945 3343 1290 3431 propriam
1339 3349 1717 3435 nequitiam
1764 3359 2059 3442 separati
2110 3360 2385 3434 fuerunt
2423 3376 2540 3438 aut

275 3477 352 3519 se
393 3455 580 3542 ipsos
621 3462 1108 3542 separaverunt
1145 3481 1184 3522 a
1226 3463 1703 3531 communione
1740 3467 2086 3556 Ecclesiae,
2131 3478 2337 3544 etiam
2381 3492 2539 3571 post

275 3576 574 3633 mortem
629 3567 715 3634 ab
763 3568 883 3634 illa
935 3571 1230 3658 separati
1279 3585 1707 3654 remaneant:
1766 3605 1993 3650 nonne
2053 3588 2415 3661 ridiculum
2470 3606 2538 3665 et

338 3813 356 3845 ¹
396 3810 458 3860 In
495 3812 696 3874 Gallia,
738 3813 854 3877 lege
892 3813 1036 3862 civili
1073 3813 1290 3880 (decret
1323 3817 1397 3866 du
1437 3825 1496 3867 23
1531 3822 1750 3884 prairial
1787 3841 1855 3876 an
1896 3829 2023 3892 ΧΠ,
2066 3837 2168 3885 art.
2210 3841 2296 3900 153
2334 3841 2534 3894 Cham-

272 3905 481 3955 pcaux‚
527 3889 750 3940 Recueil
787 3891 860 3940 du
901 3890 1050 3942 droit
1088 3891 1218 3943 civil
1255 3897 1405 3955 eccl„
1440 3897 1619 3958 Paris,
1652 3907 1705 3950 2·
1736 3903 1889 3966 edin,
1939 3923 1995 3971 p.
2036 3913 2183 3977 ³1⁴),
2218 3918 2531 3984 cavebatur,

272 3970 420 4020 utin
455 3968 590 4018 locis
627 3970 682 4017 in
715 3969 916 4031 quibus
951 3969 1303 4020 inveniuntur
1339 3975 1486 4024 cives
1525 3978 1863 4033 diversarum
1902 3987 2224 4052 religionum
2263 3998 2529 4060 cultores,

271 4048 434 4112 plura
461 4051 646 4096 essent
675 4047 1012 4106 coemctcria,
1049 4049 1135 4097 vel
1166 4050 1386 4111 saltem,
1419 4055 1464 4102 si
1503 4070 1670 4106 unum
1710 4063 1925 4114 tantum
1964 4071 2137 4130 esset,
2168 4072 2347 4137 aliqua
2376 4091 2529 4140 pars,

272 4126 344 4174 ab
367 4126 488 4175 aliis
517 4140 758 4188 congruo
783 4126 945 4175 modo
971 4131 1233 4189 separata,
1260 4131 1551 4195 unicuique
1580 4136 1827 4200 religioni
1850 4151 2309 4198 reservaretur.—
2327 4153 2529 4208 Verum

271 4205 363 4252 hic
400 4202 997 4266 articulus.abrogatus
1043 4204 1145 4253 fuit
1181 4206 1300 4269 lege
1345 4213 1400 4257 15
1439 4225 1565 4264 nov.
1610 4219 1756 4276 1881,
1792 4222 1896 4269 art.
1938 4223 2099 4274 unico
2137 4226 2399 4291 (Journal
2434 4234 2529 4285 de,

271 4281 510 4332 consciis
537 4281 605 4330 dc
626 4278 916 4346 fabrique,
947 4285 989 4330 t.
1013 4297 1179 4343 xix-u,
1215 4299 1300 4336 an.
1335 4291 1483 4348 1881,
1516 4306 1572 4354 p.
1604 4293 1734 4359 320),

489 4377 636 4413 Locis
663 4377 860 4412 mcum.
2188 4403 2259 4455 24
