3192 5025
584 441 685 496 126
1460 445 1549 496 DE
1586 442 1942 495 ORATORns

672 588 739 651 2ο
777 587 895 652 ΑΙ)
932 587 1233 672 episcopo
1270 587 1525 668 dicata;
1572 588 1823 653 erectio
1872 588 2054 651 enim
2093 587 2178 652 ab
2227 587 2546 675 episcopo
2597 593 2707 651 est
2754 585 2840 649 de

584 701 880 767 essentia
936 700 1211 766 oratorii
1261 700 1539 788 publici.
1594 702 1792 768 Unde
1843 701 2069 766 differt
2120 699 2205 765 31)
2263 700 2560 765 oratorio
2615 700 2843 765 dome-

582 816 780 898 stico,
824 815 893 878 in
942 836 1076 902 quo
1124 814 1331 878 missa
1380 813 1706 880 celebrari
1751 815 1993 903 nequit
2040 814 2184 879 sine
2224 813 2492 878 indulto
2532 814 2618 880 R.
2658 813 2843 878 Pon-

585 929 809 996 tificis.

677 1045 743 1109 3⁰
792 1042 1090 1106 Januam
1142 1042 1395 1106 hahens
1448 1043 1565 1106 viae
1609 1042 1902 1128 puhlicae
1962 1043 2383 1128 adjacentem
2399 1061 2428 1124 ,·
2479 1040 2607 1105 hoc
2661 1040 2846 1107 enim

588 1164 693 1222 est
738 1155 1152 1221 elementum
1198 1155 1660 1220 necessarium
1706 1155 1984 1220 oratorii
2029 1155 2319 1243 publici,
2359 1155 2431 1219 in
2479 1177 2694 1220 sensu
2731 1154 2850 1242 qui

590 1270 761 1335 infra
801 1277 1201 1358 exponetur.

680 1384 747 1448 4⁰
782 1384 890 1447 Ita
931 1391 1005 1448 ut
1044 1384 1359 1448 omnibus
1384 1386 1554 1469 jur-e
1583 1390 1818 1469 pateat
1865 1383 2231 1469 inqressuS.
2275 1382 2431 1448 Non
2478 1382 2663 1445 enim
2705 1379 2852 1445 suf·-

590 1499 731 1563 ficit
774 1504 854 1562 ut
899 1497 1269 1562 oratorium
1319 1496 1563 1562 habeat
1602 1496 1883 1583 januam
1932 1495 2376 1562 materialiter
2419 1495 2852 1584 adjacentem

590 1612 717 1676 viae
766 1609 1087 1698 publieae3
1134 1609 1369 1674 multae
1408 1608 1591 1674 enim
1643 1610 1886 1675 domus
1934 1608 2191 1675 habent
2231 1609 2514 1698 januam
2567 1609 2670 1673 sie
2719 1609 2853 1672 viae

592 1723 877 1812 publicae
924 1723 1381 1810 adjacentem,
1433 1729 1504 1788 et
1549 1729 1781 1788 tamen
1827 1745 1964 1788 non
2013 1730 2176 1788 sunt
2221 1723 2465 1788 domus
2509 1721 2848 1811 publicae3

592 1838 960 1925 requiritur
1010 1860 1169 1925 ergo
1222 1837 1501 1901 omnino
1551 1845 1632 1901 ut
1682 1835 1999 1902 omnibus
2051 1836 2224 1902 liber
2279 1837 2401 1918 sit,
2453 1844 2524 1902 et
2569 1837 2852 1924 quidem

585 1952 769 2040 jure,
812 1952 1163 2038 ingressus
1208 1951 1277 2016 in
1317 1950 1725 2032 oratorium;
1769 1950 1966 2038 cujus
2013 1949 2210 2015 liberi
2257 1950 2607 2037 ingressus
2638 1951 2854 2037 janua

595 2064 866 2153 publica
917 2086 1054 2128 non
1106 2071 1212 2128 est
1261 2064 1393 2129 nisi
1446 2063 1754 2129 condicio
1812 2064 2170 2152 requisita,
2215 2071 2285 2129 et
2331 2064 2629 2150 signum.
2687 2064 2856 2144 Quae

596 2178 822 2243 omnia
863 2177 1080 2264 magis
1118 2177 1291 2241 infra
1329 2177 1685 2266 patebunt.

688 2292 813 2356 His
844 2291 1117 2379 quidem
1155 2289 1472 2355 omnibus
1511 2291 1869 2356 elementis
1907 2290 2277 2357 oratorium
2305 2289 2658 2381 publicum
2695 2313 2859 2356 eon-

598 2405 783 2494 gruit
832 2427 987 2470 cum
1038 2404 1359 2482 ecclesia;
1418 2427 1657 2469 verum
1708 2405 1794 2469 ab
1855 2427 1934 2470 ea
1986 2405 2246 2486 differt,
2301 2412 2380 2470 ut
2431 2405 2694 2471 dietum
2749 2412 2862 2470 est

598 2543 801 2609 supra
843 2518 947 2606 (n.
994 2520 1109 2607 3),
1154 2519 1223 2584 in
1263 2543 1342 2583 eo
1380 2519 1565 2607 quod
1601 2520 1889 2585 ecelesia
1927 2542 2007 2584 eo
2044 2520 2479 2609 potissimum
2518 2519 2652 2585 fine
2689 2518 2858 2583 aedi-

599 2637 795 2700 ficata
825 2634 938 2715 sit,
981 2641 1059 2699 ut
1097 2631 1371 2721 publico
1409 2633 1646 2721 populi
1683 2634 1905 2699 fidelis
1942 2634 2096 2699 usui
2135 2634 2484 2713 inserviat,
2511 2632 2678 2698 dum
2709 2656 2860 2699 ora-

598 2749 879 2829 torium,
936 2747 1098 2812 licet
1141 2753 1374 2835 pateat
1428 2746 1745 2812 omnibus
1796 2747 2143 2829 fidelibus,
2195 2754 2497 2812 attamen
2551 2754 2860 2812 erectum

598 2867 704 2925 est
743 2860 1075 2948 praecipue
1104 2883 1226 2947 pro
1262 2882 1393 2924 usu
1431 2859 1720 2946 alicujus
1759 2860 2033 2926 familiae
2063 2862 2378 2948 privatae,
2415 2860 2528 2924 vel
2565 2860 2862 2947 alicujus

599 2972 1206 3055 confraternitatiS,
1253 2980 1371 3038 aut
1408 2973 1940 3040 communitatis».

689 3200 825 3270 66.
864 3238 952 3249 —-—
988 3202 1104 3269 De
1149 3199 1469 3288 publico
1517 3203 1846 3269 oratorii
1903 3204 2300 3290 ingressu.
2343 3239 2427 3252 —
2485 3203 2578 3267 Ut
2626 3210 2860 3267 orato-

602 3316 785 3379 rium
821 3316 909 3379 sit
939 3314 1331 3400 publicum,
1380 3315 1766 3400 requiritur
1807 3324 1882 3380 ut
1907 3318 2132 3403 janua
2173 3317 2291 3381 viae
2320 3318 2617 3402 publicae
2655 3316 2864 3402 adja-

600 3437 773 3512 ceat,
816 3427 918 3492 vel
960 3428 1234 3511 saltem,
1276 3429 1335 3491 .ςὶ
1380 3427 1470 3491 ad
1502 3430 1804 3514 januam
1842 3432 2190 3514 perveniri
2239 3439 2527 3518 nequeat
2567 3432 2700 3495 nisi
2729 3452 2865 3516 per

600 3543 882 3625 atrium,
925 3564 1177 3625 aream,
1220 3550 1373 3623 etc„
1419 3550 1494 3605 ut
1534 3541 1670 3606 haec
1709 3565 1889 3626 area,
1931 3543 2056 3608 hoc
2095 3546 2378 3628 atrium,
2420 3546 2560 3609 sint
2589 3544 2865 3630 publici

590 3655 803 3740 juris.
846 3692 935 3703 -
974 3654 1260 3720 Constat
1294 3673 1309 3719 z

695 3771 765 3832 10
801 3768 1137 3853 Perpetua
1176 3769 1733 3854 jurisprudentia
1783 3768 2156 3836 Sacrarum
2209 3770 2466 3858 Conqr.
2523 3772 2867 3838 Romana-

606 3904 783 3947 rum.
824 3918 917 3928 —-
955 3880 1099 3962 Sic,
1142 3888 1220 3947 ut
1266 3881 1337 3945 in
1384 3905 1455 3946 re
1500 3883 1729 3970 gravis
1777 3886 2107 3950 momenti
2151 3907 2361 3950 unam
2407 3883 2522 3952 vel
2568 3885 2864 3951 alteram

602 3994 1085 4060 resolutionem
1122 3994 1484 4059 afferamus
1518 4013 1533 4060 ε

690 4129 753 4173 a.
799 4108 868 4173 S.
923 4107 1174 4194 Congr.
1222 4106 1460 4187 Conc.‚
1510 4108 1580 4173 in
1643 4108 2052 4195 Tusculana,
2109 4113 2190 4177 13
2238 4134 2401 4179 nov.
2450 4111 2656 4196 1626,
2711 4112 2866 4179 haee

594 4222 851 4309 jussit:
900 4246 932 4281 «
975 4221 1045 4286 S.
1092 4219 1171 4287 C.
1216 4221 1480 4285 censuit
1525 4221 1856 4309 capellam
1904 4246 2025 4312 per
2063 4226 2148 4293 D.
2202 4225 2617 4295 cardinalem
2657 4228 2866 4293 Bevi-
