3192 5025
1397 1254 1827 1339 CAPUT
1898 1258 2031 1340 VI

874 1686 969 1739 DE
1027 1684 1504 1740 POLLUTIONE
1562 1684 2084 1739 ECCLESIARUM
2146 1686 2236 1738 ET
2296 1686 2552 1741 EARUM

1372 1807 2058 1863 RECONCILIATIONE

682 2322 818 2392 30.
857 2362 945 2371 —
982 2323 1244 2392 NotiO.
1284 2364 1372 2373 —
1409 2326 1743 2407 Pollutio,
1790 2326 1858 2388 in
1897 2348 1968 2389 re
2015 2324 2376 2411 praesenti,
2419 2332 2527 2391 est
2566 2327 2849 2391 moralis

592 2436 861 2502 violatio
915 2438 1291 2502 sanctitatis
1346 2440 1661 2522 ecclesiae,
1717 2439 1991 2503 inducta
2042 2461 2174 2525 per
2236 2448 2455 2503 certos
2511 2440 2851 2527 quosdam

591 2562 780 2619 actus
821 2561 1052 2638 turpes
1089 2561 1210 2617 aut
1245 2558 1583 2639 profanos
1624 2554 1692 2618 in
1731 2554 2000 2618 ecclesia
2030 2561 2374 2639 patratos,
2422 2555 2636 2638 unde,
2676 2555 2853 2641 jure

593 2667 1026 2734 ecclesiastico
1038 2717 1060 2750 ,
1113 2668 1579 2752 prohihentur
1631 2669 1700 2732 in
1756 2691 1831 2732 ea
1892 2668 2223 2732 celebrari
2283 2668 2513 2732 divina
2578 2671 2847 2753 officia,

593 2784 798 2848 donec
839 2781 1327 2848 reconcilietur.

703 3065 735 3136 ἓ
777 3063 842 3122 1.
884 3065 992 3122 De
1029 3062 1264 3121 variis
1303 3063 1627 3131 actibuS,
1667 3062 1945 3137 quibus
1986 3064 2359 3138 polluitur
2393 3064 2740 3124 ecclesia.

689 3243 994 3324 Quatuor
1033 3248 1194 3307 sunt
1230 3241 1617 3330 hujusmodi
1656 3251 1886 3327 actm,
1930 3251 2007 3310 ut
2044 3243 2352 3332 sequitur
2386 3263 2402 3309 ε

691 3438 826 3506 31.
865 3477 954 3488 -
989 3438 1559 3506 Homicidium.
1602 3478 1688 3488 —
1734 3440 2236 3524 Homicidium‚
2280 3440 2749 3505 voluntarium
2794 3449 2859 3506 et

604 3552 1044 3640 injuriosum,
1089 3553 1156 3618 in
1196 3552 1463 3617 ecclesia
1484 3562 1869 3639 patratum,
1912 3577 2060 3619 eam
2088 3555 2368 3641 polluit.

695 3667 984 3733 Constat
1031 3666 1315 3732 assertio
1364 3690 1512 3754 cap.
1557 3668 2015 3755 Proposuisti,
2069 3669 2142 3750 4,
2197 3667 2301 3734 DE
2348 3689 2861 3736 consncnnmmz

602 3801 938 3862 Eccfflsm,
988 3781 1058 3844 in
1115 3804 1281 3869 qu0‚
1335 3782 1686 3868 proposito
1748 3805 1909 3848 casu
1958 3783 2042 3849 de
2088 3783 2374 3849 ecclesia
2435 3783 2691 3849 violata
2740 3805 2862 3872 per

608 3896 968 3962 homicidia
1028 3917 1180 3982 quae
1243 3896 1338 3960 ibi
1393 3896 1799 3983 continqunt
1852 3898 2006 3983 sieri
2060 3898 2438 3980 interdum,
2490 3897 2866 3986 respondet

606 4010 1042 4077 Innocentius
1091 4008 1221 4090 III,
1283 4033 1420 4075 non
1465 4010 1742 4099 quidem
1800 4012 2153 4077 ecclesiam
2209 4011 2432 4077 denuo
2482 4012 2865 4077 consecrari

606 4124 850 4190 debere
875 4127 919 4205 ¹,
982 4123 1101 4210 sed
1161 4125 1580 4190 reconciliari
1624 4149 1757 4213 per
1806 4148 2061 4213 aquam
2111 4149 2268 4192 cum
2316 4127 2468 4191 vino
2521 4134 2586 4191 et
2641 4127 2865 4191 cinere

671 4303 688 4338 ¹
723 4303 815 4352 Uti
837 4303 1032 4367 jubere
1061 4303 1282 4353 videtur
1307 4317 1426 4352 can.
1448 4302 1506 4351 Si
1537 4304 1765 4360 motum,
1798 4309 1877 4363 19,
1900 4305 2031 4353 dist.
2054 4301 2105 4362 1,
2134 4302 2220 4352 Du
2249 4315 2714 4353 coustcmnorm:
2750 4322 2777 4348 α
2806 4302 2866 4352 Si
