3192 5025
1024 445 1112 494 DE
1150 445 1508 496 ORATORHS
1545 445 1944 497 DOMESTICIS
2501 445 2606 499 159

344 589 822 672 ecclesiarum,
900 591 1499 673 communitatum,
1579 597 1740 672 etc.‚
1819 590 1952 656 nisi
2025 597 2254 656 tamen
2325 593 2604 679 capellae

344 710 824 790 separarentur
862 727 901 769 a
946 703 1247 791 praefatis
1294 702 1626 769 cubiculis
1672 705 1784 769 vel
1832 704 2086 794 duplici
2125 706 2602 790 cameratione‚

342 816 494 895 vel,
546 825 791 902 praeter
839 817 1395 899 camel-ationem,
1448 840 1696 904 magna
1742 817 2040 883 umbella
2083 817 2528 908 (haldaquin)
2555 822 2599 884 ¹.

344 967 435 978 —
472 929 670 996 Unde
718 929 1169 996 dubitandum
1216 955 1353 995 non
1403 937 1508 1026 est
1555 931 1718 1019 quin
1764 932 1984 1020 possit
2029 932 2388 1020 episcopus
2426 933 2606 998 idem

336 1043 617 1131 jubere,
674 1044 788 1110 vel
842 1045 1043 1109 modo
1096 1044 1397 1132 generali
1448 1068 1571 1132 per
1621 1052 1874 1112 statuta
1926 1046 2331 1128 dioecesana,
2373 1049 2485 1113 vel
2535 1048 2606 1112 in

346 1179 514 1222 casu
552 1158 977 1246 particulari,
1022 1157 1150 1223 sub
1177 1181 1383 1246 poena
1420 1181 1557 1224 non
1597 1157 2019 1248 approbandi
2057 1161 2448 1227 oratorium.

441 1435 578 1504 88.
608 1475 699 1486 —
737 1436 1133 1506 Glausulae
1170 1456 1349 1524 quae
1387 1437 1828 1524 respiciunt
1863 1437 2125 1524 ipsam
2160 1438 2490 1508 missam
2526 1445 2606 1507 et

348 1550 867 1619 sacerdotem.

446 1689 477 1722 «
531 1663 754 1728 Unam
786 1665 1060 1729 missam
1079 1687 1213 1749 pro
1252 1687 1659 1751 unoquoque
1689 1666 1908 1750 diem,
1941 1688 2072 1750 per
2109 1688 2604 1752 quemcumque

344 1777 761 1843 sacerdotem
834 1780 1290 1863 approbatum
1349 1778 1738 1843 saecularem
1753 1830 1776 1864 ,
1831 1802 1946 1844 seu
2017 1780 2099 1844 de
2166 1780 2602 1865 superiorum

345 1913 633 1956 suorum
705 1891 970 1956 lieentia
1038 1894 1536 1978 reqularem...,
1596 1893 2120 1958 solemnioribus
2191 1901 2414 1957 tamen
2473 1916 2605 1978 per

346 2027 609 2070 annum
643 2006 839 2092 sestis
868 2007 1104 2071 diebus
1141 2008 1454 2092 exeeptis.
1504 2034 1537 2067 »

443 2119 509 2182 10
555 2119 766 2184 Unica
804 2127 1072 2186 tantum
1114 2121 1298 2210 (licet
1327 2120 1555 2208 plures
1596 2121 1736 2186 sint
1774 2120 2154 2209 Indultarii)
2187 2120 2602 2209 permittitur

344 2233 553 2298 missa
600 2256 722 2320 pro
770 2257 1178 2323 unoquoque
1217 2234 1356 2315 die;
1411 2235 1593 2322 quod
1641 2234 2012 2301 clarissime
2059 2241 2249 2322 patet
2287 2234 2402 2300 cit.
2445 2257 2598 2299 ver—

340 2345 471 2412 bis.
514 2385 605 2396 —
653 2347 805 2413 Una
850 2354 1119 2414 tantum
1167 2349 1475 2436 exceptio
1524 2349 1755 2431 datur,
1799 2371 2042 2436 nempe
2082 2348 2170 2430 si,
2215 2348 2285 2411 in
2333 2347 2596 2413 indulto

340 2462 923 2546 extraordinario,
984 2463 1183 2529 detur
1236 2462 1510 2529 licentia
1568 2462 1955 2530 celebrandi
2021 2462 2226 2529 etiam
2291 2461 2361 2526 in
2423 2461 2595 2527 festo

340 2574 741 2642 Nativitatis
803 2577 1107 2658 Domini;
1160 2582 1323 2642 tunc
1385 2577 1565 2643 enim
1627 2584 1919 2665 possunt
1977 2578 2045 2641 in
2107 2577 2399 2641 oratorio
2457 2583 2596 2641 tres

339 2687 668 2755 celebrari
746 2690 1003 2771 missae,
1087 2696 1163 2755 ut
1247 2690 1498 2755 decidit
1577 2690 1649 2756 S.
1734 2688 1985 2775 Congr.
2082 2688 2402 2772 Concilii‚
2486 2688 2594 2753 die

342 2802 426 2870 13
483 2802 632 2891 jan.
707 2802 913 2882 1725,
982 2810 1139 2892 post
1217 2804 1465 2869 Votum
1527 2802 1872 2869 secretarii
1923 2802 2077 2889 (qui
2130 2810 2273 2868 erat
2328 2802 2593 2867 futurus

338 2915 751 2982 Benedictus
789 2917 985 3006 XIV)
1017 2919 1062 2984 ².
1104 2956 1195 2966 —
1233 2917 1337 2983 Cf.
1384 2916 1581 3000 infra,
1619 2940 1687 2981 n.
1724 2917 1862 2986 94.

426 3029 495 3093 2⁶
532 3028 981 3117 Excipiuntur
1018 3038 1282 3113 tamen,
1327 3032 1395 3095 in
1437 3031 1704 3095 indulto
1744 3028 2119 3112 ordinario,
2159 3029 2594 3095 solemniores

335 3165 459 3231 per
494 3165 751 3208 annum
789 3145 926 3209 dies
962 3145 1147 3228 festi,
1183 3146 1251 3208 in
1292 3144 1541 3232 quibus
1579 3168 1717 3209 non
1755 3149 1983 3233 potest
2022 3142 2349 3208 celebrari
2384 3142 2594 3208 missa

337 3256 407 3321 in
448 3256 784 3323 oratoriis.
827 3294 916 3305 —
954 3256 1249 3335 Quinam
1302 3264 1530 3322 autem
1584 3265 1746 3323 sunt
1796 3257 1869 3321 hi
1915 3257 2349 3323 solemniores
2401 3255 2595 3321 dies?

332 3370 728 3458 Aliquando
790 3372 927 3435 late
984 3379 1468 3437 enumerantur
1529 3372 1600 3437 in
1656 3370 1883 3453 brevi,
1943 3377 2011 3436 et
2060 3377 2224 3435 tunc
2289 3392 2426 3434 non
2489 3376 2594 3434 est

334 3482 735 3565 difficultas;
782 3485 1031 3574 saepius
1078 3493 1304 3551 autem
1351 3508 1489 3550 non
1538 3485 1923 3550 indicantur
1971 3484 2104 3548 nisi
2151 3483 2352 3548 modo
2391 3505 2596 3569 gene-

334 3598 486 3681 rali,
520 3605 597 3663 ut
634 3598 704 3663 in
744 3597 959 3681 brevi,
994 3598 1189 3686 cujus
1227 3607 1533 3666 tenorem
1572 3599 1922 3687 exscripsi.
1958 3598 2168 3663 Juxta
2206 3596 2276 3663 S.
2307 3597 2593 3664 Rituum

404 3855 424 3890 ¹
459 3855 513 3905 S.
545 3856 657 3905 Rit.
691 3856 907 3919 Congu,
938 3856 992 3903 in
1026 3854 1295 3920 Cajscen„
1334 3860 1387 3902 11
1426 3854 1552 3902 maii
1594 3856 1742 3913 1⁶⁴13
1777 3854 2002 3903 Decreta
2034 3852 2208 3912 auth„
2245 3868 2297 3901 n.
2331 3857 2444 3912 756,
2477 3856 2518 3901 t.
2551 3868 2594 3912 1,

338 3952 393 3998 p.
427 3940 543 3994 1623
573 3962 637 3971 —
666 3935 721 3982 in
748 3936 1006 3997 Apuana,
1038 3938 1098 3982 12
1130 3936 1269 3997 sept.
1302 3937 1447 3993 18-10;
1481 3932 1711 3981 Decreta
1744 3932 1914 3991 auth„
1949 3947 2001 3980 n.
2034 3936 2183 3992 2812,
2213 3934 2254 3981 t.
2287 3947 2349 3991 ιι,
2389 3946 2445 3993 p.
2477 3936 2596 3991 292;

342 4040 399 4051 --
430 4015 485 4062 in
509 4012 752 4077 Papien„
786 4018 845 4061 23
874 4028 1001 4062 nov.
1033 4016 1183 4073 1880,
1214 4012 1283 4060 ad
1308 4018 1362 4070 2;
1390 4012 1620 4060 Decreta
1640 4009 1812 4069 suth„
1845 4026 1896 4059 n.
1929 4014 2077 4070 3525,
2111 4012 2150 4059 t.
2181 4026 2264 4069 ιιι,
2297 4024 2352 4073 p.
2376 4014 2484 4058 120.

403 4091 428 4128 ²
467 4091 782 4142 Thesaurus
816 4092 867 4140 S.
902 4092 958 4141 C.
994 4092 1071 4150 G..
1103 4093 1145 4140 t.
1186 4105 1269 4149 m,
1300 4106 1353 4154 p.
1390 4093 1644 4151 109-115,
1685 4105 1739 4153 p.
1780 4094 1887 4138 116.
1923 4116 1978 4126 -
2019 4088 2152 4137 Hoec
2189 4089 2245 4137 in
2284 4088 2596 4137 memoriam

338 4174 565 4221 revocat
592 4170 923 4220 Benedictus
962 4168 1107 4229 XIV,
1140 4174 1253 4217 tum
1293 4168 1347 4215 in
1382 4183 1481 4217 suo
1516 4170 1677 4218 tract.
1723 4168 1793 4217 De
1829 4165 2101 4231 sacrificio
2133 4166 2332 4225 missa,
2367 4169 2500 4215 sect.
2534 4183 2596 4226 ιι,

338 4264 396 4299 n.
429 4254 617 4310 23-30,
652 4252 768 4298 tum
798 4250 889 4298 cit.
922 4248 1132 4312 encycl.
1162 4247 1387 4312 Mayrw,
1414 4246 1439 4311 ᾖ
1469 4251 1545 4295 18.
