<?xml version="1.0" encoding="UTF-8"?>
<!DOCTYPE html PUBLIC "-//W3C//DTD XHTML 1.0 Transitional//EN"
    "http://www.w3.org/TR/xhtml1/DTD/xhtml1-transitional.dtd">
<html xmlns="http://www.w3.org/1999/xhtml" xml:lang="en" lang="en">
 <head>
  <title>
</title>
<meta http-equiv="Content-Type" content="text/html;charset=utf-8" />
  <meta name='ocr-system' content='tesseract 3.04.00' />
  <meta name='ocr-capabilities' content='ocr_page ocr_carea ocr_par ocr_line ocrx_word'/>
</head>
<body>
  <div class='ocr_page' id='page_1' title='image "./praelectionesde02manygoog_0273.png"; bbox 0 0 3192 5025; ppageno 0'>
   <div class='ocr_carea' id='block_1_1' title="bbox 1089 1269 1741 1351">
    <p class='ocr_par' dir='ltr' id='par_1_1' title="bbox 1089 1269 1741 1351">
     <span class='ocr_line' id='line_1_1' title="bbox 1089 1269 1741 1351; baseline -0.002 0"><span class='ocrx_word' id='word_1_1' title='bbox 1089 1269 1517 1351; x_wconf 91' lang='lat' dir='ltr'><strong>CAPUT</strong></span> <span class='ocrx_word' id='word_1_2' title='bbox 1593 1269 1741 1350; x_wconf 96' lang='lat' dir='ltr'><strong>III</strong></span> 
     </span>
    </p>
   </div>
   <div class='ocr_carea' id='block_1_2' title="bbox 451 1686 2385 1751">
    <p class='ocr_par' dir='ltr' id='par_1_2' title="bbox 451 1686 2385 1751">
     <span class='ocr_line' id='line_1_2' title="bbox 451 1686 2385 1751; baseline 0 -11"><span class='ocrx_word' id='word_1_3' title='bbox 451 1687 802 1751; x_wconf 78' lang='lat' dir='ltr'><strong>QUAENAM</strong></span> <span class='ocrx_word' id='word_1_4' title='bbox 863 1688 1260 1742; x_wconf 83' lang='lat' dir='ltr'><strong>INSTITUTA</strong></span> <span class='ocrx_word' id='word_1_5' title='bbox 1316 1688 1448 1741; x_wconf 79' lang='lat' dir='ltr'><strong>JUS</strong></span> <span class='ocrx_word' id='word_1_6' title='bbox 1507 1688 1973 1743; x_wconf 84' lang='lat' dir='ltr'>SEPULTURAE</span> <span class='ocrx_word' id='word_1_7' title='bbox 2033 1686 2385 1741; x_wconf 80' lang='lat' dir='ltr'><strong>HABEANT</strong></span> 
     </span>
    </p>
   </div>
   <div class='ocr_carea' id='block_1_3' title="bbox 278 2196 2549 2402">
    <p class='ocr_par' dir='ltr' id='par_1_3' title="bbox 278 2196 2549 2402">
     <span class='ocr_line' id='line_1_3' title="bbox 386 2196 2546 2287; baseline -0.001 -22"><span class='ocrx_word' id='word_1_8' title='bbox 386 2198 580 2267; x_wconf 85' lang='lat'><strong>155.</strong></span> <span class='ocrx_word' id='word_1_9' title='bbox 634 2232 722 2244; x_wconf 87' lang='lat'><strong>—-</strong></span> <span class='ocrx_word' id='word_1_10' title='bbox 765 2196 1238 2267; x_wconf 76' lang='lat' dir='ltr'><strong>Declaratur</strong></span> <span class='ocrx_word' id='word_1_11' title='bbox 1295 2217 1580 2268; x_wconf 71' lang='lat' dir='ltr'><strong>sensus</strong></span> <span class='ocrx_word' id='word_1_12' title='bbox 1627 2198 1971 2287; x_wconf 82' lang='lat' dir='ltr'><strong>quaesiti.</strong></span> <span class='ocrx_word' id='word_1_13' title='bbox 2011 2238 2099 2247; x_wconf 95' lang='lat'>—</span> <span class='ocrx_word' id='word_1_14' title='bbox 2144 2199 2181 2264; x_wconf 87' lang='lat' dir='ltr'>J</span> <span class='ocrx_word' id='word_1_15' title='bbox 2188 2221 2305 2263; x_wconf 85' lang='lat' dir='ltr'><strong>ure</strong></span> <span class='ocrx_word' id='word_1_16' title='bbox 2343 2222 2546 2265; x_wconf 83' lang='lat' dir='ltr'><strong>cano-</strong></span> 
     </span>
     <span class='ocr_line' id='line_1_4' title="bbox 278 2310 2549 2402; baseline 0 -25"><span class='ocrx_word' id='word_1_17' title='bbox 278 2313 474 2391; x_wconf 84' lang='lat' dir='ltr'><strong>nico,</strong></span> <span class='ocrx_word' id='word_1_18' title='bbox 519 2332 658 2374; x_wconf 93' lang='lat' dir='ltr'><strong>non</strong></span> <span class='ocrx_word' id='word_1_19' title='bbox 705 2310 1058 2399; x_wconf 82' lang='lat' dir='ltr'>quodlibet</span> <span class='ocrx_word' id='word_1_20' title='bbox 1104 2312 1494 2379; x_wconf 85' lang='lat' dir='ltr'><strong>institutum</strong></span> <span class='ocrx_word' id='word_1_21' title='bbox 1533 2320 1652 2377; x_wconf 86' lang='lat' dir='ltr'><strong>aut</strong></span> <span class='ocrx_word' id='word_1_22' title='bbox 1698 2313 2151 2377; x_wconf 85' lang='lat' dir='ltr'><strong>communitas</strong></span> <span class='ocrx_word' id='word_1_23' title='bbox 2189 2314 2305 2402; x_wconf 86' lang='lat' dir='ltr'><strong>jus</strong></span> <span class='ocrx_word' id='word_1_24' title='bbox 2344 2312 2549 2379; x_wconf 89' lang='lat' dir='ltr'><strong>habet</strong></span> 
     </span>
    </p>
   </div>
   <div class='ocr_carea' id='block_1_4' title="bbox 276 2423 2547 3538">
    <p class='ocr_par' dir='ltr' id='par_1_4' title="bbox 276 2423 2547 3538">
     <span class='ocr_line' id='line_1_5' title="bbox 277 2423 2547 2518; baseline 0.001 -27"><span class='ocrx_word' id='word_1_25' title='bbox 277 2423 592 2514; x_wconf 86' lang='lat' dir='ltr'><strong>erigendi</strong></span> <span class='ocrx_word' id='word_1_26' title='bbox 639 2425 1133 2508; x_wconf 84' lang='lat' dir='ltr'><strong>coemeterium,</strong></span> <span class='ocrx_word' id='word_1_27' title='bbox 1186 2434 1264 2492; x_wconf 89' lang='lat' dir='ltr'><strong>ut</strong></span> <span class='ocrx_word' id='word_1_28' title='bbox 1318 2427 1388 2491; x_wconf 91' lang='lat' dir='ltr'><strong>in</strong></span> <span class='ocrx_word' id='word_1_29' title='bbox 1437 2449 1516 2491; x_wconf 90' lang='lat' dir='ltr'><strong>eo</strong></span> <span class='ocrx_word' id='word_1_30' title='bbox 1563 2425 1850 2518; x_wconf 85' lang='lat' dir='ltr'><strong>sepeliat</strong></span> <span class='ocrx_word' id='word_1_31' title='bbox 1895 2449 2017 2491; x_wconf 88' lang='lat' dir='ltr'><strong>sua</strong></span> <span class='ocrx_word' id='word_1_32' title='bbox 2055 2426 2356 2493; x_wconf 86' lang='lat' dir='ltr'><strong>membra</strong></span> <span class='ocrx_word' id='word_1_33' title='bbox 2403 2434 2472 2493; x_wconf 90' lang='lat' dir='ltr'><strong>et</strong></span> <span class='ocrx_word' id='word_1_34' title='bbox 2510 2451 2547 2493; x_wconf 88' lang='lat' dir='ltr'><strong>a</strong></span> 
     </span>
     <span class='ocr_line' id='line_1_6' title="bbox 278 2539 2545 2630; baseline 0 -24"><span class='ocrx_word' id='word_1_35' title='bbox 278 2539 550 2606; x_wconf 74' lang='lat' dir='ltr'><strong>fortiori</strong></span> <span class='ocrx_word' id='word_1_36' title='bbox 603 2539 776 2604; x_wconf 83' lang='lat' dir='ltr'><strong>alios</strong></span> <span class='ocrx_word' id='word_1_37' title='bbox 839 2539 1108 2622; x_wconf 83' lang='lat' dir='ltr'><strong>fideles;</strong></span> <span class='ocrx_word' id='word_1_38' title='bbox 1170 2542 1298 2606; x_wconf 85' lang='lat' dir='ltr'><strong>sed</strong></span> <span class='ocrx_word' id='word_1_39' title='bbox 1346 2541 1474 2606; x_wconf 91' lang='lat' dir='ltr'><strong>hoc</strong></span> <span class='ocrx_word' id='word_1_40' title='bbox 1519 2541 1638 2627; x_wconf 87' lang='lat' dir='ltr'><strong>jus</strong></span> <span class='ocrx_word' id='word_1_41' title='bbox 1694 2549 2077 2606; x_wconf 83' lang='lat' dir='ltr'><strong>reservatur</strong></span> <span class='ocrx_word' id='word_1_42' title='bbox 2141 2541 2545 2630; x_wconf 89' lang='lat' dir='ltr'><strong>quibusdam</strong></span> 
     </span>
     <span class='ocr_line' id='line_1_7' title="bbox 277 2653 2547 2744; baseline 0 -25"><span class='ocrx_word' id='word_1_43' title='bbox 277 2653 760 2720; x_wconf 79' lang='lat' dir='ltr'><strong>determinatis</strong></span> <span class='ocrx_word' id='word_1_44' title='bbox 791 2653 1147 2736; x_wconf 82' lang='lat' dir='ltr'><strong>institutis,</strong></span> <span class='ocrx_word' id='word_1_45' title='bbox 1181 2655 1354 2720; x_wconf 85' lang='lat' dir='ltr'><strong>infra</strong></span> <span class='ocrx_word' id='word_1_46' title='bbox 1402 2655 1913 2736; x_wconf 80' lang='lat' dir='ltr'><strong>enumerandiS‚</strong></span> <span class='ocrx_word' id='word_1_47' title='bbox 1947 2677 2099 2744; x_wconf 85' lang='lat' dir='ltr'><strong>quae</strong></span> <span class='ocrx_word' id='word_1_48' title='bbox 2137 2655 2279 2720; x_wconf 85' lang='lat' dir='ltr'><strong>sola</strong></span> <span class='ocrx_word' id='word_1_49' title='bbox 2320 2655 2547 2737; x_wconf 84' lang='lat' dir='ltr'><strong>exclu-</strong></span> 
     </span>
     <span class='ocr_line' id='line_1_8' title="bbox 278 2767 2545 2857; baseline 0 -25"><span class='ocrx_word' id='word_1_50' title='bbox 278 2768 432 2832; x_wconf 84' lang='lat' dir='ltr'><strong>sive</strong></span> <span class='ocrx_word' id='word_1_51' title='bbox 492 2767 841 2856; x_wconf 85' lang='lat' dir='ltr'><strong>potiantur</strong></span> <span class='ocrx_word' id='word_1_52' title='bbox 891 2768 1172 2856; x_wconf 77' lang='lat' dir='ltr'><strong>praesato</strong></span> <span class='ocrx_word' id='word_1_53' title='bbox 1222 2769 1375 2857; x_wconf 87' lang='lat' dir='ltr'><strong>jure</strong></span> <span class='ocrx_word' id='word_1_54' title='bbox 1433 2769 1823 2856; x_wconf 77' lang='lat' dir='ltr'><strong>sepulturae.</strong></span> <span class='ocrx_word' id='word_1_55' title='bbox 1890 2767 2088 2847; x_wconf 90' lang='lat' dir='ltr'><strong>Quod</strong></span> <span class='ocrx_word' id='word_1_56' title='bbox 2146 2775 2223 2834; x_wconf 91' lang='lat' dir='ltr'><strong>ut</strong></span> <span class='ocrx_word' id='word_1_57' title='bbox 2275 2768 2545 2856; x_wconf 88' lang='lat' dir='ltr'>plenius</span> 
     </span>
     <span class='ocr_line' id='line_1_9' title="bbox 281 2880 2545 2970; baseline 0 -24"><span class='ocrx_word' id='word_1_58' title='bbox 281 2880 746 2968; x_wconf 80' lang='lat' dir='ltr'>intelligatur,</span> <span class='ocrx_word' id='word_1_59' title='bbox 799 2881 1174 2947; x_wconf 77' lang='lat' dir='ltr'><strong>notandum</strong></span> <span class='ocrx_word' id='word_1_60' title='bbox 1242 2885 1384 2947; x_wconf 86' lang='lat' dir='ltr'><strong>est¹</strong></span> <span class='ocrx_word' id='word_1_61' title='bbox 1449 2883 1572 2948; x_wconf 78' lang='lat' dir='ltr'><strong>hoc</strong></span> <span class='ocrx_word' id='word_1_62' title='bbox 1616 2885 1744 2970; x_wconf 73' lang='lat' dir='ltr'><strong>jus</strong></span> <span class='ocrx_word' id='word_1_63' title='bbox 1804 2884 2171 2968; x_wconf 73' lang='lat' dir='ltr'><strong>sepulturae</strong></span> <span class='ocrx_word' id='word_1_64' title='bbox 2236 2889 2545 2948; x_wconf 83' lang='lat' dir='ltr'><strong>constare</strong></span> 
     </span>
     <span class='ocr_line' id='line_1_10' title="bbox 280 2994 2547 3083; baseline 0.001 -23"><span class='ocrx_word' id='word_1_65' title='bbox 280 2995 543 3081; x_wconf 87' lang='lat' dir='ltr'><strong>duplici</strong></span> <span class='ocrx_word' id='word_1_66' title='bbox 596 2994 1030 3083; x_wconf 86' lang='lat' dir='ltr'><strong>potissimum</strong></span> <span class='ocrx_word' id='word_1_67' title='bbox 1071 2995 1260 3083; x_wconf 87' lang='lat' dir='ltr'><strong>jure,</strong></span> <span class='ocrx_word' id='word_1_68' title='bbox 1320 3019 1566 3083; x_wconf 84' lang='lat' dir='ltr'>nempe</span> <span class='ocrx_word' id='word_1_69' title='bbox 1601 2998 1771 3082; x_wconf 84' lang='lat' dir='ltr'><strong>jure</strong></span> <span class='ocrx_word' id='word_1_70' title='bbox 1808 2997 2184 3082; x_wconf 76' lang='lat' dir='ltr'><strong>peraqendi</strong></span> <span class='ocrx_word' id='word_1_71' title='bbox 2236 2998 2547 3082; x_wconf 78' lang='lat' dir='ltr'><strong>officium</strong></span> 
     </span>
     <span class='ocr_line' id='line_1_11' title="bbox 276 3110 2545 3198; baseline 0.001 -24"><span class='ocrx_word' id='word_1_72' title='bbox 276 3110 579 3195; x_wconf 79' lang='lat' dir='ltr'><strong><em>funebre</em></strong></span> <span class='ocrx_word' id='word_1_73' title='bbox 625 3131 836 3194; x_wconf 75' lang='lat' dir='ltr'><strong>supra</strong></span> <span class='ocrx_word' id='word_1_74' title='bbox 885 3131 1130 3194; x_wconf 78' lang='lat' dir='ltr'><strong>corpus</strong></span> <span class='ocrx_word' id='word_1_75' title='bbox 1181 3110 1525 3196; x_wconf 79' lang='lat' dir='ltr'><em>defuncti,</em></span> <span class='ocrx_word' id='word_1_76' title='bbox 1570 3118 1640 3176; x_wconf 86' lang='lat' dir='ltr'><strong>et</strong></span> <span class='ocrx_word' id='word_1_77' title='bbox 1673 3113 1844 3198; x_wconf 78' lang='lat' dir='ltr'><strong>jure</strong></span> <span class='ocrx_word' id='word_1_78' title='bbox 1881 3111 2256 3196; x_wconf 78' lang='lat' dir='ltr'><strong>deponendi</strong></span> <span class='ocrx_word' id='word_1_79' title='bbox 2300 3133 2545 3197; x_wconf 70' lang='lat' dir='ltr'><strong>corpus</strong></span> 
     </span>
     <span class='ocr_line' id='line_1_12' title="bbox 280 3223 2545 3312; baseline 0.001 -24"><span class='ocrx_word' id='word_1_80' title='bbox 280 3225 355 3288; x_wconf 84' lang='lat' dir='ltr'><strong>in</strong></span> <span class='ocrx_word' id='word_1_81' title='bbox 396 3223 538 3288; x_wconf 89' lang='lat' dir='ltr'><strong>loco</strong></span> <span class='ocrx_word' id='word_1_82' title='bbox 573 3223 962 3308; x_wconf 74' lang='lat' dir='ltr'><strong>sepulturae.</strong></span> <span class='ocrx_word' id='word_1_83' title='bbox 1011 3223 1221 3288; x_wconf 87' lang='lat' dir='ltr'><strong>Porro</strong></span> <span class='ocrx_word' id='word_1_84' title='bbox 1270 3223 1626 3311; x_wconf 85' lang='lat' dir='ltr'><strong>praefatum</strong></span> <span class='ocrx_word' id='word_1_85' title='bbox 1655 3224 1773 3312; x_wconf 88' lang='lat' dir='ltr'><strong>jus</strong></span> <span class='ocrx_word' id='word_1_86' title='bbox 1808 3225 2016 3290; x_wconf 84' lang='lat' dir='ltr'><strong>variis</strong></span> <span class='ocrx_word' id='word_1_87' title='bbox 2052 3224 2388 3290; x_wconf 86' lang='lat' dir='ltr'><strong>institutis</strong></span> <span class='ocrx_word' id='word_1_88' title='bbox 2425 3231 2545 3291; x_wconf 87' lang='lat' dir='ltr'><strong>aut</strong></span> 
     </span>
     <span class='ocr_line' id='line_1_13' title="bbox 277 3335 2541 3426; baseline 0.001 -26"><span class='ocrx_word' id='word_1_89' title='bbox 277 3335 586 3402; x_wconf 83' lang='lat' dir='ltr'><strong>ecclesiis</strong></span> <span class='ocrx_word' id='word_1_90' title='bbox 647 3336 1009 3422; x_wconf 86' lang='lat' dir='ltr'><strong>competit,</strong></span> <span class='ocrx_word' id='word_1_91' title='bbox 1067 3336 1267 3426; x_wconf 86' lang='lat' dir='ltr'><strong>idque</strong></span> <span class='ocrx_word' id='word_1_92' title='bbox 1325 3337 1615 3403; x_wconf 86' lang='lat' dir='ltr'><strong>diversis</strong></span> <span class='ocrx_word' id='word_1_93' title='bbox 1673 3337 1923 3419; x_wconf 81' lang='lat' dir='ltr'><strong>titulis,</strong></span> <span class='ocrx_word' id='word_1_94' title='bbox 1976 3345 2044 3404; x_wconf 90' lang='lat' dir='ltr'><strong>et</strong></span> <span class='ocrx_word' id='word_1_95' title='bbox 2095 3361 2249 3404; x_wconf 90' lang='lat' dir='ltr'><strong>cum</strong></span> <span class='ocrx_word' id='word_1_96' title='bbox 2301 3337 2541 3425; x_wconf 87' lang='lat' dir='ltr'><strong>majori</strong></span> 
     </span>
     <span class='ocr_line' id='line_1_14' title="bbox 277 3449 1634 3538; baseline 0.002 -25"><span class='ocrx_word' id='word_1_97' title='bbox 277 3449 392 3515; x_wconf 82' lang='lat' dir='ltr'><strong>vel</strong></span> <span class='ocrx_word' id='word_1_98' title='bbox 429 3449 676 3514; x_wconf 90' lang='lat' dir='ltr'><strong>minori</strong></span> <span class='ocrx_word' id='word_1_99' title='bbox 715 3449 1147 3532; x_wconf 82' lang='lat' dir='ltr'><strong>extensione,</strong></span> <span class='ocrx_word' id='word_1_100' title='bbox 1190 3457 1268 3515; x_wconf 87' lang='lat' dir='ltr'><strong>ut</strong></span> <span class='ocrx_word' id='word_1_101' title='bbox 1305 3451 1634 3538; x_wconf 85' lang='lat' dir='ltr'><strong>sequitur.</strong></span> 
     </span>
    </p>
   </div>
   <div class='ocr_carea' id='block_1_5' title="bbox 369 3677 2523 3880">
    <p class='ocr_par' dir='ltr' id='par_1_5' title="bbox 369 3677 2523 3880">
     <span class='ocr_line' id='line_1_15' title="bbox 370 3677 2285 3768; baseline 0.002 -23"><span class='ocrx_word' id='word_1_102' title='bbox 370 3677 563 3747; x_wconf 88' lang='grc'><strong>156.</strong></span> <span class='ocrx_word' id='word_1_103' title='bbox 593 3715 684 3727; x_wconf 89' lang='grc'>-</span> <span class='ocrx_word' id='word_1_104' title='bbox 720 3677 1132 3746; x_wconf 67' lang='lat' dir='ltr'><strong>Perochiae</strong></span> <span class='ocrx_word' id='word_1_105' title='bbox 1186 3697 1327 3746; x_wconf 85' lang='lat' dir='ltr'><strong>seu</strong></span> <span class='ocrx_word' id='word_1_106' title='bbox 1365 3678 1716 3749; x_wconf 82' lang='lat' dir='ltr'><strong>ecclesiae</strong></span> <span class='ocrx_word' id='word_1_107' title='bbox 1762 3679 2285 3768; x_wconf 76' lang='lat' dir='ltr'><strong>parochiales·</strong></span> 
     </span>
     <span class='ocr_line' id='line_1_16' title="bbox 369 3791 2523 3880; baseline 0.001 -24"><span class='ocrx_word' id='word_1_108' title='bbox 369 3794 435 3856; x_wconf 81' lang='lat'><strong>1⁰</strong></span> <span class='ocrx_word' id='word_1_109' title='bbox 492 3791 796 3856; x_wconf 75' lang='lat' dir='ltr'><strong>Ecclesia</strong></span> <span class='ocrx_word' id='word_1_110' title='bbox 851 3791 1273 3877; x_wconf 73' lang='lat' dir='ltr'><strong>parochialis</strong></span> <span class='ocrx_word' id='word_1_111' title='bbox 1320 3793 1525 3878; x_wconf 81' lang='lat' dir='ltr'><strong>pleno</strong></span> <span class='ocrx_word' id='word_1_112' title='bbox 1577 3795 1749 3880; x_wconf 82' lang='lat' dir='ltr'><strong>jure</strong></span> <span class='ocrx_word' id='word_1_113' title='bbox 1811 3795 2177 3880; x_wconf 74' lang='lat' dir='ltr'><strong>sepulturae</strong></span> <span class='ocrx_word' id='word_1_114' title='bbox 2228 3795 2523 3879; x_wconf 78' lang='lat' dir='ltr'><strong>potitur,</strong></span> 
     </span>
    </p>
   </div>
   <div class='ocr_carea' id='block_1_6' title="bbox 273 3905 2550 4222">
    <p class='ocr_par' dir='ltr' id='par_1_6' title="bbox 273 3905 2550 4222">
     <span class='ocr_line' id='line_1_17' title="bbox 277 3905 2526 3996; baseline 0.002 -26"><span class='ocrx_word' id='word_1_115' title='bbox 277 3906 483 3993; x_wconf 80' lang='lat' dir='ltr'><strong>idque</strong></span> <span class='ocrx_word' id='word_1_116' title='bbox 524 3907 666 3991; x_wconf 73' lang='lat' dir='ltr'><strong>ipso</strong></span> <span class='ocrx_word' id='word_1_117' title='bbox 693 3907 864 3993; x_wconf 78' lang='lat' dir='ltr'><strong>jure</strong></span> <span class='ocrx_word' id='word_1_118' title='bbox 911 3907 1280 3972; x_wconf 82' lang='lat' dir='ltr'><strong>communi.</strong></span> <span class='ocrx_word' id='word_1_119' title='bbox 1336 3945 1424 3956; x_wconf 89' lang='grc'>-</span> <span class='ocrx_word' id='word_1_120' title='bbox 1472 3905 1761 3973; x_wconf 83' lang='lat' dir='ltr'><strong>Constat</strong></span> <span class='ocrx_word' id='word_1_121' title='bbox 1808 3930 1955 3995; x_wconf 88' lang='lat' dir='ltr'><strong>cap.</strong></span> <span class='ocrx_word' id='word_1_122' title='bbox 1998 3908 2068 3973; x_wconf 77' lang='lat' dir='ltr'><strong>Is</strong></span> <span class='ocrx_word' id='word_1_123' title='bbox 2105 3909 2259 3996; x_wconf 80' lang='lat' dir='ltr'><strong>qui,</strong></span> <span class='ocrx_word' id='word_1_124' title='bbox 2304 3909 2377 3990; x_wconf 86' lang='lat'><strong>3,</strong></span> <span class='ocrx_word' id='word_1_125' title='bbox 2423 3908 2526 3974; x_wconf 69' lang='lat' dir='ltr'><strong>Da·</strong></span> 
     </span>
     <span class='ocr_line' id='line_1_18' title="bbox 275 4018 2527 4108; baseline 0.001 -22"><span class='ocrx_word' id='word_1_126' title='bbox 275 4041 694 4102; x_wconf 62' lang='lat' dir='ltr'><strong>sevumunm,</strong></span> <span class='ocrx_word' id='word_1_127' title='bbox 738 4021 808 4085; x_wconf 89' lang='lat' dir='ltr'><strong>in</strong></span> <span class='ocrx_word' id='word_1_128' title='bbox 847 4019 984 4087; x_wconf 88' lang='lat' dir='ltr'><strong>VI:</strong></span> <span class='ocrx_word' id='word_1_129' title='bbox 1030 4047 1062 4081; x_wconf 89' lang='lat'>«</span> <span class='ocrx_word' id='word_1_130' title='bbox 1109 4018 1176 4084; x_wconf 90' lang='lat' dir='ltr'><strong>Is</strong></span> <span class='ocrx_word' id='word_1_131' title='bbox 1215 4020 1354 4108; x_wconf 88' lang='lat' dir='ltr'><strong>qui,</strong></span> <span class='ocrx_word' id='word_1_132' title='bbox 1388 4020 1647 4086; x_wconf 87' lang='lat' dir='ltr'><strong>habens</strong></span> <span class='ocrx_word' id='word_1_133' title='bbox 1685 4021 2104 4087; x_wconf 87' lang='lat' dir='ltr'><strong>domicilium</strong></span> <span class='ocrx_word' id='word_1_134' title='bbox 2143 4023 2212 4088; x_wconf 91' lang='lat' dir='ltr'><strong>in</strong></span> <span class='ocrx_word' id='word_1_135' title='bbox 2250 4023 2527 4089; x_wconf 81' lang='lat' dir='ltr'><strong>civitate</strong></span> 
     </span>
     <span class='ocr_line' id='line_1_19' title="bbox 273 4132 2550 4222; baseline 0.002 -23"><span class='ocrx_word' id='word_1_136' title='bbox 273 4133 386 4199; x_wconf 84' lang='lat' dir='ltr'><strong>vel</strong></span> <span class='ocrx_word' id='word_1_137' title='bbox 461 4139 719 4215; x_wconf 79' lang='lat' dir='ltr'><strong>castre,</strong></span> <span class='ocrx_word' id='word_1_138' title='bbox 786 4132 1192 4222; x_wconf 89' lang='lat' dir='ltr'><strong>quandoque</strong></span> <span class='ocrx_word' id='word_1_139' title='bbox 1268 4132 1354 4198; x_wconf 90' lang='lat' dir='ltr'><strong>ad</strong></span> <span class='ocrx_word' id='word_1_140' title='bbox 1417 4134 1656 4201; x_wconf 88' lang='lat' dir='ltr'><strong>villam</strong></span> <span class='ocrx_word' id='word_1_141' title='bbox 1720 4135 2015 4202; x_wconf 81' lang='lat' dir='ltr'><strong>ruralem</strong></span> <span class='ocrx_word' id='word_1_142' title='bbox 2082 4161 2153 4202; x_wconf 86' lang='lat' dir='ltr'><strong>se</strong></span> <span class='ocrx_word' id='word_1_143' title='bbox 2206 4136 2550 4218; x_wconf 60' lang='lat' dir='ltr'><strong>transfert</strong></span> 
     </span>
    </p>
   </div>
   <div class='ocr_carea' id='block_1_7' title="bbox 339 4310 2277 4464">
    <p class='ocr_par' dir='ltr' id='par_1_7' title="bbox 339 4310 2277 4464">
     <span class='ocr_line' id='line_1_20' title="bbox 339 4310 1591 4372; baseline 0 -12"><span class='ocrx_word' id='word_1_144' title='bbox 339 4310 360 4345; x_wconf 80' lang='lat'>²</span> <span class='ocrx_word' id='word_1_145' title='bbox 396 4310 556 4370; x_wconf 87' lang='lat' dir='ltr'><strong>Quod</strong></span> <span class='ocrx_word' id='word_1_146' title='bbox 583 4310 747 4370; x_wconf 76' lang='lat' dir='ltr'><strong>intra,</strong></span> <span class='ocrx_word' id='word_1_147' title='bbox 779 4325 826 4361; x_wconf 87' lang='lat' dir='ltr'><strong>c.</strong></span> <span class='ocrx_word' id='word_1_148' title='bbox 860 4325 942 4370; x_wconf 74' lang='lat' dir='ltr'><strong>vx,</strong></span> <span class='ocrx_word' id='word_1_149' title='bbox 972 4315 997 4372; x_wconf 74' lang='grc'><strong>5</strong></span> <span class='ocrx_word' id='word_1_150' title='bbox 1028 4317 1082 4370; x_wconf 83' lang='lat'><strong>2,</strong></span> <span class='ocrx_word' id='word_1_151' title='bbox 1113 4311 1591 4362; x_wconf 75' lang='lat' dir='ltr'><strong>demonstrabitur.</strong></span> 
     </span>
     <span class='ocr_line' id='line_1_21' title="bbox 459 4413 2277 4464; baseline 0.002 -6"><span class='ocrx_word' id='word_1_152' title='bbox 459 4423 602 4458; x_wconf 67' lang='lat' dir='ltr'><strong>nocis</strong></span> <span class='ocrx_word' id='word_1_153' title='bbox 629 4422 821 4459; x_wconf 64' lang='lat' dir='ltr'><strong>meam.</strong></span> <span class='ocrx_word' id='word_1_154' title='bbox 2216 4413 2277 4464; x_wconf 81' lang='lat'><strong>17</strong></span> 
     </span>
    </p>
   </div>
  </div>
 </body>
</html>
