3192 5025
675 479 780 532 258
1245 480 1335 529 DE
1372 478 1805 530 COEMETERIIS
1844 479 1927 528 ET
1964 477 2371 530 SEPULTURIS

673 623 1107 691 recreationis
1159 645 1396 705 causa,
1445 623 1560 688 vel
1620 628 1699 687 ut
1756 623 2006 688 ruralia
2062 629 2373 688 exerceat
2431 623 2499 685 in
2555 621 2815 701 eadem,
2855 621 2909 685 si

673 763 810 806 non
849 738 1066 804 electa
1101 737 1451 825 sepultura
1487 737 1771 802 decedat
1808 736 2083 819 ibidem,
2118 760 2256 801 non
2294 737 2365 800 in
2404 735 2691 801 ecclesia
2726 736 2913 800 dictae

670 854 884 935 villae,
929 851 1050 916 sed
1087 852 1157 915 in
1183 873 1307 915 sua
1345 851 1763 936 parochiali,
1806 850 1918 916 vel
1955 851 2027 914 in
2072 873 2150 916 ea
2197 850 2455 937 potiuS,
2497 850 2570 913 in
2609 873 2739 937 qua
2778 873 2917 914 ma—

661 969 890 1054 jorum
929 965 1143 1052 ipsius
1181 964 1266 1028 ab
1304 965 1584 1052 antiquo
1624 965 1977 1051 sepultura
2014 963 2277 1044 existit,
2322 964 2592 1050 sepeliri
2619 964 2883 1028 debebit
2898 983 2923 1039 ,·

669 1079 1038 1146 dummodo
1090 1079 1344 1166 absque
1405 1078 1705 1165 periculo
1758 1077 1843 1142 ad
1895 1078 2115 1167 ipsam
2171 1078 2398 1143 valeat
2456 1077 2821 1164 deportari.
2890 1107 2923 1136 n

670 1193 867 1274 Quod
927 1193 1092 1256 item
1150 1191 1554 1279 supponitur
1602 1191 1672 1255 in
1722 1191 1872 1255 aliis
1911 1189 2248 1280 capitibus
2295 1213 2540 1278 nempe
2588 1213 2738 1278 cap.
2784 1191 2929 1256 Nos

671 1309 1015 1390 instituta,
1063 1307 1134 1387 1,
1179 1305 1283 1370 Dr:
1331 1325 1743 1384 sapum-num
1788 1327 1938 1391 cap.
1983 1305 2068 1369 In
2108 1313 2373 1389 nostra,
2420 1304 2537 1386 10,
2582 1305 2735 1370 eod.
2780 1305 2923 1382 tit.;

667 1445 816 1510 cap.
851 1421 1027 1485 Cum
1056 1421 1236 1505 quis,
1269 1420 1334 1502 2,
1365 1419 1515 1484 eod.
1543 1419 1683 1500 tit.,
1716 1418 1785 1483 in
1815 1418 1941 1498 VI;
1978 1442 2123 1506 cap.
2156 1419 2462 1503 Dudum,
2497 1419 2563 1500 2,
2594 1418 2747 1484 eod.
2780 1419 2923 1500 tit.,

666 1535 913 1617 Clem.,
955 1538 988 1617 ξ
1026 1533 1453 1620 Hujusmodi
1490 1554 1785 1619 quoque.

751 1649 821 1714 2⁰
878 1648 1008 1714 Per
1061 1645 1405 1712 ecclesiam
1455 1647 1925 1732 parochialem
1992 1646 2399 1733 intelligitur
2454 1669 2593 1711 non
2650 1654 2929 1712 tantum

653 1762 984 1850 parochia
1021 1761 1250 1826 stricte
1297 1761 1510 1844 dicta,
1554 1761 1751 1848 cujus
1788 1759 2087 1825 titularis
2126 1760 2217 1825 sit
2260 1759 2755 1844 inamovibiliS,
2799 1761 2929 1828 sed

662 1899 946 1965 quaeque
984 1874 1520 1959 circumscriptio
1559 1875 2029 1957 ecclesiastica,
2085 1875 2154 1938 in
2200 1896 2340 1959 qua
2384 1874 2728 1959 sacerdos,
2788 1899 2927 1940 non

660 1992 795 2055 vice
850 1989 1168 2072 alterius,
1229 1989 1346 2052 sed
1402 1989 1692 2074 proprio
1752 1989 2057 2073 nomine,
2116 1997 2539 2053 sacramenta
2596 1991 2929 2074 fidelihus

659 2104 1118 2170 administrat.
1175 2101 1276 2167 Ita
1324 2108 1593 2168 textum
1642 2101 1925 2166 citatum
1981 2102 2427 2196 interpretata
2474 2109 2579 2168 est
2627 2126 2928 2168 consue-

657 2217 823 2282 tudo
885 2215 1324 2296 universalia,
1382 2215 1542 2303 quia
1592 2237 1869 2303 nempe,
1910 2221 1990 2280 ut
2050 2215 2145 2280 ait
2202 2215 2591 2282 Bonifacius
2642 2215 2805 2281 VIII
2848 2218 2927 2282 in

658 2332 773 2397 cit.
828 2353 977 2416 cap.
1033 2329 1210 2395 Cum
1265 2330 1453 2416 quis,
1519 2329 1975 2394 remuneratio
2037 2329 2393 2394 debetur«
2434 2329 2541 2394 illi
2578 2329 2927 2397 duntaxat

661 2443 1068 2533 (ecclesiae),
1111 2444 1183 2508 in
1223 2467 1356 2533 qua
1393 2441 1509 2508 ille
1551 2441 1987 2533 (defunctus)
2029 2442 2248 2508 officia
2288 2445 2645 2509 consuevit
2681 2444 2925 2509 audire

657 2560 911 2640 divina,
956 2566 1025 2624 et
1065 2558 1522 2623 ecclesiastica
1559 2558 1855 2644 recipere
1896 2566 2319 2623 sacramenta
2364 2586 2423 2624 ».

748 2795 940 2863 15⁷.
987 2834 1075 2843 —
1121 2794 1611 2862 monasteria
1650 2792 2197 2880 Regularium.

749 2910 818 2973 10
855 2907 1221 2992 Privileqio
1261 2907 1486 2972 clauso
1528 2908 1596 2971 in
1640 2906 1938 2992 Corpore
1974 2908 2192 2990 Juris,
2236 2908 2463 2971 omnia
2504 2910 2917 2974 monasteria

661 3022 998 3087 Ordinum
1040 3020 1578 3085 Praedicatorum
1616 3028 1681 3084 et
1718 3020 2073 3086 Minorum
2110 3026 2457 3106 fruuntur
2480 3023 2653 3108 jure
2688 3022 2917 3108 sepul-

662 3145 853 3202 turae.
897 3174 985 3183 —
1035 3134 1323 3199 Constat
1361 3158 1508 3222 cap.
1553 3134 1870 3218 Dudum,
1913 3134 1988 3216 2,
2035 3134 2136 3199 DE
2184 3154 2603 3217 sssrnmnms,
2656 3134 2911 3216 clem„

657 3254 690 3333 ἓ
741 3249 1167 3335 Hujusmodi
1223 3271 1494 3335 quoque
1535 3269 1561 3313 .·
1620 3274 1651 3307 «
1708 3246 2117 3334 Hujusmodi
2169 3271 2441 3337 quoque
2490 3254 2781 3329 statute,
2844 3257 2915 3315 et

660 3361 1198 3428 ordinationibus
1235 3362 1488 3426 nostris
1528 3360 1916 3447 adjicimuS,
1948 3365 2028 3425 ut
2066 3360 2305 3426 fratres
2342 3362 2679 3427 dictorum
2716 3362 2915 3428 Ordi-

659 3501 824 3543 num
873 3475 1397 3563 (Praedicatores
1444 3481 1512 3539 et
1548 3474 1887 3562 Minores)
1928 3472 2000 3539 in
2050 3473 2360 3540 ecclesiis
2404 3476 2519 3541 vel
2562 3476 2732 3541 locis
2770 3476 2913 3541 suis

659 3590 946 3657 ubilibet
983 3588 1398 3672 constitutiS,
1437 3588 1747 3672 liberam,
1782 3594 1860 3653 ut
1898 3589 2227 3677 sequitur,
2275 3590 2571 3654 habeant
2604 3590 2913 3675 sepultu-

660 3727 834 3769 ram.
892 3700 1256 3783 Videlicet,
1301 3702 1482 3789 quod
1521 3724 1748 3766 omnes
1796 3702 1886 3765 ad
1930 3725 2078 3766 eam
2117 3703 2408 3788 recipere
2446 3704 2745 3787 valeant,
2786 3706 2915 3791 qui

655 3817 925 3903 sepeliri
955 3816 1280 3902 eleqerint
1321 3817 1390 3879 in
1431 3815 1588 3879 locis
1625 3824 1689 3880 et
1724 3816 2012 3881 ecclesiis
2050 3817 2461 3882 memorati&
2512 3844 2543 3878 »
2585 3856 2673 3865 —
2712 3815 2917 3895 Quod

654 3930 1088 4021 privileg-ium
1161 3927 1426 3994 duobus
1499 3927 1799 4017 praefatis
1850 3926 2221 3995 Ordinibus
2272 3930 2419 4017 jam
2478 3940 2915 3997 concesserat

655 4044 1043 4111 Bonifacius
1081 4042 1276 4125 VIII,
1325 4041 1649 4109 decretali
1694 4041 1917 4129 Super·
1952 4044 2350 4108 cathedram
2374 4046 2437 4128 ¹,·
2482 4066 2641 4109 cum
2678 4052 2915 4110 autem

711 4288 728 4321 ¹
766 4288 894 4351 Cap.
919 4304 982 4347 ιι,
1012 4288 1096 4336 Dn
1125 4301 1461 4346 serum-rums,
1485 4286 1639 4336 Extr.
1670 4302 1867 4337 comm.
