3192 5025
1258 1282 1689 1366 CAPUT
1769 1283 1897 1364 IV

1069 1723 1336 1778 VARIA
1411 1725 1514 1778 DE
1584 1725 2076 1779 ALTARIBUS

538 2233 726 2301 134.
768 2271 858 2281 —
893 2231 1174 2300 Altero
1203 2231 1453 2300 fixum
1480 2231 1568 2298 in
1618 2233 1949 2300 materia
1985 2232 2697 2320 indulgentiarum.

431 2385 532 2397 —
563 2347 662 2411 Ne
701 2344 1063 2411 inducatur
1101 2346 1440 2426 confusio,
1475 2367 1697 2432 operae
1728 2345 2023 2432 pretium
2059 2369 2209 2412 esse
2243 2345 2562 2414 duximus
2592 2349 2701 2415 hic

439 2461 771 2529 adnotare
829 2459 991 2549 quid
1039 2460 1462 2549 intelligatur
1510 2459 1781 2524 nomine
1833 2459 2073 2525 altaris
2115 2461 2243 2546 lixi
2294 2461 2364 2525 in
2416 2463 2699 2529 materia

435 2576 1050 2662 indulgentiarum,
1086 2575 1384 2663 quando,
1418 2597 1485 2637 v.
1531 2596 1629 2660 g.,
1665 2571 1912 2638 dicitur
1939 2576 2155 2639 altare
2183 2577 2701 2662 privileqiatum

438 2689 686 2755 debere
723 2712 857 2753 esse
893 2691 1140 2774 fixum.

538 2803 604 2866 1⁰
641 2804 787 2868 Hac
825 2802 892 2867 in
941 2826 1046 2884 re,
1089 2803 1306 2867 altare
1350 2805 1572 2886 fixum
1622 2801 1793 2865 illud
1842 2801 2171 2887 estquod
2220 2824 2258 2866 a
2311 2804 2449 2867 loco
2487 2804 2703 2869 <limo-

439 2918 588 2983 veri
625 2939 758 2982 non
799 2918 1056 3002 possi&
1094 2915 1199 2980 his
1252 2922 1482 2981 autem
1520 2914 1747 2980 verbis
1789 2937 1927 2980 non
1980 2915 2346 3002 requiritur
2372 2925 2451 2981 ut
2488 2917 2701 2983 altare

437 3036 715 3097 constet
752 3053 984 3096 mensa
1037 3029 1304 3117 lapidea
1357 3052 1508 3117 quae
1559 3027 2005 3117 protendatur
2050 3052 2171 3117 per
2216 3034 2430 3095 totam
2470 3032 2701 3098 altaris

441 3144 872 3233 superficiem
924 3151 993 3209 et
1043 3166 1199 3209 cum
1251 3144 1481 3232 stipite
1537 3142 1993 3230 conjungatur
2054 3141 2274 3232 (quod
2326 3152 2432 3210 est
2490 3145 2701 3210 altare

438 3260 660 3324 fixum
719 3258 790 3323 in
851 3280 1054 3323 sensu
1097 3258 1271 3345 juris
1333 3256 1709 3346 canonici);
1770 3257 1935 3321 item
2006 3279 2143 3321 non
2202 3259 2564 3346 requiritur
2627 3265 2703 3323 ut

441 3372 627 3438 adsit
681 3395 798 3437 ara
851 3371 1190 3459 portatilis
1248 3394 1397 3459 quae
1444 3370 1614 3435 adeo
1662 3393 1914 3435 mensae
1970 3370 2271 3436 inferiori
2322 3372 2697 3454 inseratur,

441 3494 909 3574 caementoque
957 3486 1288 3567 firmetur,
1334 3494 1411 3550 ut
1462 3492 1760 3572 nequeat
1802 3484 2130 3564 amoveri;
2176 3485 2294 3550 sed
2341 3485 2704 3573 requiritur

442 3605 716 3665 tantum
754 3605 831 3665 ut
867 3605 1014 3665 tota
1051 3598 1168 3663 illa
1208 3604 1547 3664 structura
1564 3650 1580 3679 ,
1624 3597 1852 3685 lignea
1899 3603 2016 3663 aut
2052 3598 2347 3664 lateritia
2387 3604 2505 3666 aut
2532 3598 2704 3687 lapi-

446 3715 575 3779 dea
596 3765 612 3795 ,
655 3736 862 3802 quam
907 3712 1158 3799 vulgus
1204 3719 1408 3778 vocat
1465 3712 1717 3795 altare,
1770 3717 1838 3775 et
1876 3733 2081 3800 super
2135 3734 2340 3800 quam
2389 3713 2705 3779 sacerdos

443 3826 777 3909 celebrat,
829 3826 986 3893 talis
1040 3826 1161 3908 sit,
1213 3832 1290 3891 ut
1350 3847 1389 3890 a
1453 3825 1593 3891 loco
1645 3824 1973 3889 dimoveri
2042 3848 2175 3891 non
2227 3827 2445 3912 possit
2503 3826 2703 3916 (quin

445 3939 911 4028 destruatur),
955 3940 1116 4005 licet
1153 3940 1300 4027 ipsa
1347 3946 1539 4029 petra
1587 3946 2013 4019 consecrata,
2057 3939 2127 4003 in
2180 3939 2403 4005 medio
2450 3962 2704 4006 mensae

447 4054 819 4142 superioris
868 4054 1126 4143 posita,
1186 4053 1403 4143 possit
1457 4052 1653 4119 facile
1707 4051 1977 4119 auferri.
2040 4090 2130 4104 -
2190 4054 2413 4142 Hujus
2478 4062 2705 4121 autem

446 4168 864 4235 definitionis
892 4175 962 4233 et
1001 4166 1444 4256 expositionis
1492 4166 1892 4255 legitimitas
1940 4174 2211 4233 constat
2247 4166 2705 4234 decisionibus

445 4304 600 4371 quae
648 4288 1026 4371 sequuntur
1060 4300 1075 4348 ε
