3192 5025
665 506 771 559 212
1544 506 1635 557 DE
1670 504 2037 557 ALTARIBUS

665 651 914 717 nientis
967 658 1084 716 aut
1133 649 1540 738 generaliter
1589 650 2018 715 decernentis
2048 652 2089 715 ¹.
2132 688 2223 697 —
2269 650 2625 745 Ceterum,
2687 655 2767 714 ut
2822 650 2908 714 ait

664 765 956 848 Giraldi,
1009 764 1344 851 judicium
1406 764 1489 828 de
1545 763 1882 849 gravitate
1940 762 2250 827 fracturae
2312 763 2724 851 relinquitur
2780 764 2909 851 epi-

665 902 894 967 scop0.

757 1116 946 1185 123.
975 1154 1065 1165 —
1094 1117 1162 1183 3⁰
1190 1115 1434 1179 Altare
1473 1123 1887 1199 eaesecratur,
1920 1116 1979 1179 si
2008 1116 2407 1201 operculum
2435 1116 2735 1202 sepulcri
2762 1137 2913 1180 con-

662 1236 970 1316 fractum
1017 1238 1137 1294 aut
1183 1230 1606 1294 diminutum
1644 1236 1765 1294 aut
1796 1237 2101 1293 amotum
2137 1230 2304 1315 fuit.
2340 1268 2429 1278 —
2467 1230 2761 1295 Constat
2798 1230 2907 1294 cit.

664 1368 810 1432 cap.
847 1344 965 1408 Ad
996 1344 1164 1427 haec,
1198 1344 1268 1407 in
1300 1366 1434 1431 quo
1466 1343 1608 1407 haec
1638 1343 1961 1430 leguntur
1994 1362 2010 1409 τ
2056 1370 2089 1403 «
2128 1342 2199 1408 Si
2234 1341 2445 1408 altare
2486 1350 2751 1409 motum
2780 1342 2915 1408 fue-

664 1459 782 1542 rit,
828 1466 944 1525 aut
994 1458 1162 1543 lapis
1209 1457 1324 1521 ille
1368 1457 1795 1521 solummodo
1840 1479 2049 1542 supra
2090 1458 2387 1543 positast,
2440 1459 2565 1545 qui
2608 1458 2916 1543 siqillum

661 1574 978 1656 continet,
1012 1576 1403 1656 confractus
1431 1578 1552 1635 aut
1584 1573 1791 1636 etiam
1828 1572 2233 1655 diminutus,
2273 1572 2469 1636 debet
2506 1573 2729 1637 denuo
2767 1594 2918 1636 con-

658 1688 933 1753 secrari.
973 1713 1005 1747 »
1047 1686 1177 1750 Per
1214 1685 1422 1750 istum
1454 1685 1748 1771 lapidem
1776 1686 1899 1771 qui
1924 1684 2235 1771 siqillum
2273 1687 2593 1770 continet,
2716 1685 2919 1752 intel-

660 1800 896 1888 ligitur
946 1799 1343 1885 operculum
1389 1800 1716 1885 sepulcri,
1770 1798 1954 1887 quod
2010 1822 2253 1887 nempe
2306 1800 2509 1886 tegit,
2556 1800 2809 1888 operit,
2854 1806 2921 1865 et

660 1914 856 2002 quasi
885 1936 956 1979 se
997 1914 1144 2001 ipso
1176 1911 1434 2000 sigillat
1471 1914 1862 2001 sepulcrum
1892 1914 1961 1977 in
2001 1936 2133 2001 quo
2170 1922 2333 1978 sunt
2360 1913 2702 2002 reliquiae;
2738 1914 2919 1979 unde

657 2028 829 2093 illud
867 2028 1264 2115 operculum
1302 2026 1651 2092 dicebatur
1688 2028 1896 2092 etiam
1932 2027 2243 2113 siqillum
2284 2028 2549 2114 (supra,
2585 2052 2655 2094 n.
2697 2028 2915 2117 119).

659 2141 928 2207 Dicitur
978 2148 1207 2206 autem
1258 2142 1434 2229 lapis
1487 2140 1603 2205 ille
1651 2142 1775 2227 qui
1824 2140 2135 2227 siqillum
2186 2143 2511 2226 continet,
2566 2143 2725 2231 quia
2774 2144 2921 2231 ipse

657 2263 802 2321 erat
832 2256 1026 2344 quasi
1065 2254 1405 2342 sigillum,
1438 2255 1550 2319 vel
1587 2255 1747 2343 quia
1786 2255 1855 2319 in
1895 2255 2014 2319 illo
2054 2254 2575 2343 imprimebatur
2611 2256 2920 2343 sigillum

655 2370 1064 2458 episcopale,
1096 2370 1165 2433 in
1204 2368 1677 2434 testimonium
1716 2369 2246 2434 consecrationis
2277 2376 2345 2435 et
2373 2370 2921 2437 authenticitatis

653 2484 1116 2574 reliquiarum.
1156 2523 1247 2532 —
1287 2482 1357 2548 Si
1405 2506 1564 2572 ergo
1616 2483 1741 2549 hoc
1788 2483 2185 2571 operculum
2231 2488 2665 2570 confractum
2713 2485 2922 2552 fuerit

654 2606 771 2666 aut
817 2600 1023 2665 etiam
1065 2600 1484 2663 diminutum
1527 2598 1655 2687 (ita
1703 2606 1782 2663 ut
1826 2599 2169 2686 aperiatur
2216 2599 2669 2687 sepulcrum),
2712 2607 2839 2666 aut
2884 2625 2922 2665 a

653 2713 912 2779 fortiori
969 2720 1307 2796 amotum,
1363 2712 1575 2777 altare
1639 2719 2053 2777 exsecratur.
2102 2711 2191 2777 Et
2236 2713 2331 2778 ita
2377 2713 2921 2801 interpretantur

655 2828 1051 2908 DuranduS,
1107 2825 1440 2908 Barbosa‚
1485 2825 1899 2908 Gardellini,
1942 2825 2193 2914 aliique
2214 2830 2256 2891 ².
2310 2865 2400 2876 —
2448 2827 2591 2890 Imo
2640 2827 2708 2893 S.
2768 2829 2914 2894 Rit.

654 2941 904 3026 Congr.
938 2940 1113 3004 hanc
1153 2940 1639 3005 exsecrationis
1678 2962 1953 3005 causam
1991 2940 2303 3005 extendit
2351 2941 2436 3005 ad
2476 2964 2712 3007 casum
2752 2964 2916 3029 quc,

653 3077 864 3142 quum
929 3053 1324 3141 operculum
1399 3053 1729 3141 sepulcri,
1790 3053 1860 3117 in
1928 3053 2127 3119 altari
2198 3055 2356 3134 fixo,
2418 3078 2554 3119 non
2621 3056 2923 3144 amplius

652 3167 938 3234 haereret
991 3168 1336 3254 sepulcr0,
1395 3168 1783 3256 episcopus,
1842 3175 1918 3232 ut
1966 3168 2211 3233 certior
2257 3169 2449 3235 fieret
2486 3169 2569 3235 de
2606 3168 2921 3260 reliquiis

652 3283 872 3347 adhuc
939 3281 1255 3368 integriS,
1318 3281 1490 3347 illud
1549 3280 1945 3369 operculum
2008 3280 2474 3364 sublevasset,
2544 3284 2919 3373 statimque

656 3396 1070 3485 reposuisset
1087 3397 1132 3462 ³.
1186 3395 1318 3461 Sed
1366 3394 1588 3460 forsan
1645 3395 1787 3459 haec
1835 3395 2086 3460 decisio
2136 3418 2273 3460 non
2328 3404 2434 3461 est
2485 3397 2923 3464 extendenda

657 3509 743 3574 ad
781 3511 950 3575 alios
989 3531 1218 3590 casus;
1265 3509 1334 3574 in
1376 3532 1534 3574 casu
1575 3508 1817 3582 simili.
1862 3516 2288 3575 exsecratum
2335 3534 2473 3576 non
2512 3511 2661 3578 esse
2701 3512 2921 3579 altare

661 3625 1100 3712 responderat
1138 3624 1208 3688 S.
1257 3622 1571 3709 Congr.⁴.

724 3841 742 3874 ¹
781 3840 862 3891 Ita
891 3841 1054 3890 ctiam
1095 3841 1424 3899 Lehmkuhl,
1455 3842 1546 3904 qui
1581 3843 1741 3903 putat
1771 3841 1993 3904 (Theol.
2028 3857 2183 3900 mor„
2226 3846 2265 3892 t.
2299 3859 2361 3902 ιι,
2398 3845 2484 3894 ed.
2522 3849 2669 3904 1893,
2701 3861 2757 3894 ιι.
2802 3851 2919 3905 225,

662 3935 715 3982 p.
747 3920 865 3984 168)
897 3933 1172 3968 enormem
1203 3935 1310 3968 non
1341 3935 1460 3967 csse
1485 3919 1779 3968 fracturam
1808 3920 2035 3984 alicujus
2065 3923 2242 3970 crucis
2272 3922 2527 3972 lateralis.

723 3999 746 4033 ²
779 3999 1096 4058 Durandus,
1139 3997 1446 4056 Rationale,
1483 4001 1607 4056 etc„
1646 3998 1738 4046 lib.
1773 3998 1823 4058 1,
1860 4015 1906 4048 c.
1940 4014 2020 4059 vi,
2058 4016 2110 4048 n.
2142 4003 2229 4058 35,
2265 4001 2539 4064 Lugduni,
2578 4008 2725 4063 1612,
2760 4002 2799 4054 s.
2833 4011 2920 4061 29:

662 4103 724 4116 —
754 4077 1067 4132 Gardellini,
1099 4077 1242 4126 Nota
1273 4078 1325 4125 in
1357 4077 1605 4140 Carpen„
1638 4082 1666 4123 3
1693 4077 1872 4126 martii
1904 4083 2052 4139 18213
2082 4077 2315 4128 Decreta
2342 4081 2515 4138 auth„
2547 4084 2587 4130 t.
2620 4097 2690 4142 iv,
2716 4097 2775 4146 p.
2800 4089 2921 4142 2013

664 4181 724 4192 ——
755 4156 1020 4216 Bai-bosa,
1051 4156 1128 4204 De
1157 4154 1342 4219 officio
1373 4171 1434 4204 ac
1452 4155 1724 4219 potestate
1753 4154 2013 4220 episcopi,
2047 4157 2221 4220 Alleg.
2254 4163 2331 4218 27,
2364 4174 2417 4206 n.
2450 4163 2528 4209 26.

729 4233 750 4268 ³
785 4233 845 4282 In
883 4235 1230 4298 Neoporlen„
1271 4238 1326 4282 Η
1367 4234 1544 4282 martii
1581 4238 1699 4282 1861
1734 4235 1993 4298 (Decreta
2030 4235 2204 4295 auth„
2246 4252 2298 4284 n.
2332 4243 2480 4298 3106,
2520 4241 2561 4288 t.
2594 4255 2656 4298 u,
2688 4255 2743 4302 p.
2778 4241 2919 4306 432).

729 4313 750 4346 ⁴
785 4311 846 4360 In
875 4312 1254 4376 Bambcryen„
1286 4316 1344 4360 14
1375 4312 1554 4361 martii
1583 4315 1705 4360 1693
1736 4313 1871 4377 (non
1904 4315 2073 4364 relata
2096 4315 2151 4362 in
2180 4330 2322 4364 nova
2349 4315 2501 4376 edit„
2532 4331 2617 4366 an.
2650 4321 2827 4382 1898).
