3192 5025
637 507 704 562 34
1547 509 1640 558 DE
1678 507 2006 558 ECCLESHS

633 652 1059 718 celebrentur
1119 675 1158 718 a
1217 651 1584 718 sufficienti
1658 674 1941 717 numero
2018 649 2417 716 clericorum
2491 656 2607 716 aut
2681 651 2889 717 laico-

632 789 782 831 rum
811 769 854 832 ¹.

725 1003 857 1070 14.
899 1042 984 1055 —
1021 1003 1252 1072 Ritus
1291 1003 1939 1071 consecrationis·

719 1115 962 1196 Quoad
997 1139 1139 1180 rem
1177 1116 1589 1203 liturgicam,
1635 1115 1719 1180 ef.
1758 1115 2153 1200 Pontificale
2192 1115 2603 1198 Romanum,
2638 1121 2708 1180 et
2740 1114 2889 1203 ejus

629 1234 1220 1311 commentatores,
1264 1252 1332 1293 v.
1377 1252 1475 1316 g.,
1521 1228 1927 1295 Catalanum
1948 1232 1991 1292 ².

715 1341 1042 1422 Quaedam
1094 1348 1363 1406 tantum
1419 1341 1707 1407 dicenda
1759 1346 1952 1424 sunt,
2016 1363 2167 1428 quae
2228 1341 2509 1429 propius
2570 1349 2890 1429 spectant

617 1455 732 1544 jus
772 1455 1199 1521 canonicum.

716 1571 782 1633 1ο
827 1571 926 1634 De
976 1570 1468 1634 consecratione
1520 1567 1761 1632 altaris
1815 1567 1996 1632 intra
2049 1568 2619 1632 consecrationem
2672 1569 2889 1653 ipsius

622 1683 903 1748 ecclesiae
933 1684 1323 1768 peraqenda
1355 1703 1381 1747 .·

711 1819 773 1860 a.
810 1795 1088 1861 Certum
1129 1803 1234 1860 est
1269 1817 1407 1859 non
1438 1817 1640 1882 posse
1673 1793 1847 1858 licite
1877 1793 2255 1858 consecrari
2286 1794 2677 1876 ecclesiam,
2714 1795 2885 1882 quin

621 1909 827 1974 etiam
866 1915 1298 1974 consecretur
1336 1908 1405 1972 in
1445 1930 1522 1972 ea
1561 1907 1808 1972 saltem
1847 1929 2060 1971 unum
2098 1907 2333 1988 altare,
2380 1929 2625 1994 nempe
2664 1906 2881 1971 altare

619 2021 861 2109 majuS.
909 2061 992 2073 —
1032 2020 1319 2086 Constat
1356 2027 1504 2086 tum
1543 2043 1629 2085 ex
1667 2019 1814 2107 ipso
1854 2021 2243 2105 Pontificali
2279 2020 2617 2103 Romarm,
2662 2018 2875 2107 quod,

616 2133 794 2199 intra
847 2135 1018 2198 ritus
1071 2134 1599 2198 consecrationis
1652 2133 1989 2215 ecclesiae,
2045 2133 2241 2219 ponit
2296 2134 2879 2199 consecrationem

616 2245 888 2327 altaris;
921 2285 1006 2298 —
1033 2252 1177 2311 tum
1206 2268 1290 2309 ex
1320 2246 1390 2311 S.
1428 2246 1714 2312 Rituum
1745 2245 2030 2333 Congr.,
2066 2269 2216 2334 quae
2247 2268 2568 2334 expresse
2598 2269 2881 2334 respon-

615 2360 762 2425 dit:
811 2386 843 2420 «
887 2359 1097 2424 Debet
1135 2382 1291 2423 cum
1334 2359 1475 2445 ipsa
1513 2359 1872 2445 (ecclesia)
1912 2361 2186 2424 omnino
2234 2361 2613 2425 consecrari
2658 2361 2877 2424 altare

617 2474 884 2560 maju3‚·
923 2495 1080 2539 nam
1127 2473 1312 2538 istud
1359 2479 1462 2539 est
1507 2473 1912 2562 principale,
1958 2481 2026 2539 et
2074 2472 2133 2538 si
2182 2473 2308 2538 hoc
2356 2480 2625 2539 tantum
2675 2473 2764 2539 sit
2802 2474 2877 2539 in

612 2587 931 2668 ecclesia,
990 2586 1275 2668 sufficit;
1335 2586 1463 2651 alia
1527 2609 1687 2651 vero
1750 2593 1910 2652 sunt
1974 2588 2382 2668 accessoria,
2441 2610 2562 2676 pro
2625 2586 2874 2675 quibus

611 2701 810 2767 datur
849 2700 1267 2766 consecratio
1297 2699 1649 2782 distincta,
1687 2701 1833 2765 sine
1872 2701 2174 2765 ecclesiae
2214 2700 2724 2765 consecratione
2746 2701 2794 2767 ³.
2832 2728 2868 2761 »

610 2816 972 2895 Attamen,
1031 2814 1089 2877 si
1141 2814 1287 2902 jam
1340 2821 1521 2878 esset
1574 2820 2046 2879 consecratum
2107 2815 2320 2879 altare
2372 2814 2627 2901 majus,
2684 2812 2875 2878 aliud

610 2926 821 2991 altare
871 2925 1146 2991 deberet
1193 2926 1572 2992 consecrari
1619 2927 1797 2990 intra
1849 2926 2023 2990 ritus
2072 2926 2604 2991 consecrationis
2651 2926 2873 2991 eccle—

611 3040 761 3121 siae,
796 3047 874 3104 ut
900 3061 1022 3125 per
1061 3063 1132 3104 se
1171 3047 1384 3128 patet,
1420 3046 1488 3104 et
1525 3046 1603 3104 ut
1642 3040 1848 3104 etiam
1879 3040 2229 3127 respondit
2260 3040 2329 3105 S.
2368 3039 2509 3104 Rit.
2546 3040 2865 3126 Congr.⁴.

701 3153 770 3217 h.
813 3151 1142 3217 Attamen
1191 3152 1445 3241 pariter
1494 3158 1758 3216 certum
1802 3158 1909 3217 est
1958 3152 2315 3217 ecclesiam
2364 3153 2582 3217 valide
2630 3176 2869 3218 conse-

609 3266 816 3349 crari,
868 3265 1133 3330 etiamsi
1181 3289 1317 3329 non
1365 3273 1797 3330 consecretur
1842 3265 2118 3353 aliquod
2164 3265 2399 3331 altare.
2442 3304 2531 3315 —
2581 3265 2870 3331 Constat

611 3382 874 3445 decreto
922 3378 994 3443 S.
1050 3378 1302 3464 Congr.
1357 3378 1528 3459 Bit„
1586 3378 1667 3441 19
1716 3379 1876 3443 maii
1928 3378 2149 3446 1896:
2206 3406 2237 3437 «
2287 3377 2339 3444 I.
2384 3378 2497 3443 An
2546 3378 2863 3459 ecclesia,

612 3494 681 3558 in
749 3493 940 3580 cujus
1015 3491 1516 3557 consecratione
1592 3491 1845 3556 omissa
1911 3491 2039 3557 fuit
2105 3492 2526 3577 consecratio
2592 3491 2861 3575 altariS‚

612 3604 923 3671 habenda
953 3605 1042 3670 sit
1071 3606 1284 3669 valide
1323 3608 1764 3670 consecrata?
1787 3644 1877 3654 —
1900 3605 2013 3669 Ad
2041 3604 2092 3670 1.
2126 3606 2184 3669 A
2194 3606 2595 3691 ffirmative,
2622 3628 2868 3694 nempe

677 3838 696 3873 ¹
741 3840 822 3888 De
869 3840 954 3888 his
1001 3841 1198 3903 vigiliis
1253 3840 1321 3888 cf.
1382 3841 1545 3888 etiam
1597 3840 1951 3899 Martinucci,
2002 3839 2255 3889 Manuale
2300 3854 2587 3889 sacrarum
2632 3854 2868 3899 caerem„

611 3917 708 3967 lib.
742 3918 872 3977 vn,
908 3934 954 3967 c.
987 3933 1140 3975 xvm,
1174 3932 1225 3964 n.
1254 3921 1339 3977 13,
1373 3918 1527 3975 nota,
1568 3918 1782 3978 Romae,
1815 3923 1965 3977 1872,
1998 3923 2038 3967 t.
2067 3934 2137 3977 w,
2176 3934 2229 3981 p.
2263 3922 2373 3966 270.

665 3995 697 4034 ²
729 3995 1048 4059 Pontificale
1075 3996 1398 4054 Romanum,
1431 3995 1837 4045 commentariis
1867 3996 2232 4054 illustratum,
2264 4000 2487 4046 auctore
2504 3996 2557 4045 J.
2580 3995 2871 4057 CatalanO,

611 4074 858 4134 Parisiis,
891 4080 1036 4131 1851,
1070 4077 1110 4122 t.
1143 4089 1196 4123 11.
2435 4102 2441 4108 -

677 4155 699 4189 ²
732 4153 792 4201 Iu
813 4168 974 4201 causa
1001 4150 1178 4210 Urbis,
1203 4158 1261 4201 19
1293 4156 1432 4215 sept.
1465 4158 1613 4212 16653
1646 4154 1874 4202 Decreta
1900 4152 2240 4212 authentica,
2266 4170 2317 4201 n.
2345 4158 2485 4213 1321,
2520 4157 2561 4202 t.
2592 4168 2634 4209 ι,
2667 4168 2721 4215 p.
2755 4158 2870 4206 272.

673 4232 699 4266 ⁴
731 4232 792 4280 In
825 4232 1336 4296 Caesarauyuslana,
1370 4236 1426 4279 31
1457 4245 1580 4293 aug.
1614 4236 1761 4290 1872;
1796 4231 2021 4282 Decreta
2048 4232 2219 4291 auth„
2254 4248 2304 4281 n.
2336 4238 2489 4291 3269,
2520 4232 2587 4280 ad
2622 4235 2675 4291 1,
2710 4234 2753 4282 t.
2783 4248 2871 4291 m,

613 4326 668 4374 p.
702 4317 780 4359 22.
