3192 5025
669 480 776 536 236
1249 485 1338 534 DE
1373 483 1805 536 COEMETERUS
1845 486 1925 535 ET
1965 483 2373 536 SEPULTURIS

751 629 918 689 140.
951 661 1026 672 -
1055 627 1267 690 Ritus
1303 627 1696 706 sepultura
1723 628 2161 690 christiana.
2192 659 2275 672 —·
2300 626 2488 687 Multi
2520 627 2675 686 ritus
2704 633 2894 699 erant,

668 752 703 791 a
743 731 958 811 primis
996 731 1272 806 saeculiS,
1320 733 1659 813 sepulturae
1703 731 2091 806 christianae,
2140 731 2305 792 inter
2350 751 2510 812 quos
2558 733 2893 812 praecipue:

674 839 728 895 1.
761 833 1160 914 Psalmodia,
1193 835 1343 895 dum
1375 857 1601 918 nempe
1632 837 2007 896 efferebatur
2034 853 2293 916 corpus;
2325 871 2404 881 —
2433 839 2493 896 2.
2530 834 2779 896 oblatio
2804 856 2898 895 eu-

666 937 1038 1016 charistica,
1073 941 1121 1000 si
1164 961 1277 1022 per
1315 941 1533 1001 horam
1564 941 1813 1014 liceret,
1842 961 2065 1022 nempe
2096 940 2147 1000 si
2186 947 2331 1001 ante
2362 939 2683 1000 meridiem
2714 940 2901 1021 sepul-

671 1051 805 1103 tura
850 1045 1062 1116 fieret;
1105 1081 1186 1090 -—-
1227 1046 1286 1106 3.
1340 1043 1661 1126 Speciales
1700 1065 1825 1126 pro
1878 1044 2175 1126 defuncto
2218 1063 2478 1126 preces,·
2518 1079 2593 1092 —
2636 1045 2694 1105 4.
2749 1045 2901 1104 Laus

662 1147 989 1228 funebri-5,
1043 1150 1091 1209 si
1141 1157 1432 1230 ageretur
1482 1150 1560 1210 de
1607 1149 1907 1230 praeclaro
1951 1150 2088 1208 viro
2134 1149 2515 1230 sepeliendo,
2562 1185 2645 1194 —-
2686 1149 2777 1208 De
2816 1147 2905 1208 his

665 1252 890 1314 ritibus
927 1261 990 1314 et
1025 1253 1307 1335 pluribus
1345 1253 1513 1328 aliis,
1545 1275 1707 1336 quos
1738 1274 1864 1313 non
1904 1262 1999 1314 est
2039 1253 2139 1314 hic
2167 1253 2344 1313 locus
2372 1253 2797 1333 expendendi,
2826 1251 2903 1313 cf.

665 1377 852 1438 supra
882 1357 1184 1438 allegatos
1221 1366 1508 1418 auctores
1539 1363 1638 1434 (n.
1676 1359 1845 1434 137)
1869 1359 1913 1418 ¹.

744 1538 912 1598 141.
951 1573 1031 1580 —
1067 1538 1375 1616 Negatio
1411 1537 1804 1616 sepultura
1845 1537 2283 1600 christiana.
2325 1571 2402 1582 —
2444 1537 2583 1595 Non
2628 1533 2913 1594 omnibus

661 1639 1022 1700 indistincte
1054 1640 1492 1701 tribuebantur
1530 1642 1665 1701 haec
1698 1642 1929 1714 officia;
1956 1641 2087 1722 jam
2119 1641 2281 1700 enim
2318 1661 2351 1700 a
2384 1639 2598 1720 primis
2638 1639 2909 1708 saeculiS,

662 1742 864 1804 honor
891 1743 1243 1804 christianae
1276 1746 1617 1827 sepulturae
1647 1745 2021 1827 quibusdam
2056 1744 2420 1825 negabatur.
2450 1779 2532 1787 —
2560 1744 2705 1803 Sic:

747 1853 807 1907 1⁰
838 1848 1258 1910 Privabantur
1285 1849 1402 1910 hac
1441 1852 1761 1932 sepultura
1792 1849 2253 1925 catechumeni,
2288 1847 2405 1932 qui
2432 1848 2569 1908 sine
2597 1847 2913 1930 baptismo

661 1951 1120 2015 moriebantur.
1145 1954 1344 2014 —Ita
1376 1975 1554 2016 conc.
1591 1957 1970 2016 Bracarense
2003 1955 2052 2028 1,
2086 1975 2187 2015 an.
2222 1955 2363 2028 563,
2396 1974 2532 2014 can.
2559 1954 2631 2012 17
2652 1951 2701 2014 ’.
2740 1952 2916 2012 Unde

659 2064 723 2116 et
750 2056 1236 2139 Chrysostomus
1258 2060 1521 2120 affirmat
1548 2081 1663 2141 pro
1687 2059 1809 2119 illis
1836 2059 2041 2120 locum
2074 2080 2197 2119 non
2222 2057 2449 2119 habere
2478 2057 2914 2139 psalmodiam,

659 2182 774 2222 nec
812 2161 930 2222 alia
968 2163 1180 2224 divina
1220 2165 1450 2237 officia,
1494 2164 1905 2246 hortaturque
1944 2164 2157 2224 fideles
2197 2171 2267 2223 ut
2304 2183 2419 2244 pro
2458 2161 2579 2222 illis
2620 2162 2915 2242 privatim

660 2275 870 2339 orent;
903 2265 980 2326 In
1012 2267 1194 2349 epist.
1223 2268 1310 2329 ad
1339 2267 1655 2351 Philipp„
1690 2269 1859 2330 horn.
1894 2269 2019 2330 111³.

739 2375 804 2430 2⁰
845 2371 1264 2433 Privabantur
1302 2374 1418 2434 hac
1457 2373 1775 2453 sepultura
1806 2373 1922 2456 qui
1958 2394 2026 2433 se
2063 2372 2231 2454 ipsos
2270 2370 2669 2432 occidissent.
2702 2407 2789 2416 —-
2826 2369 2922 2432 Ita

657 2497 836 2539 conc.
873 2477 1053 2541 Brac.
1092 2477 1141 2552 1,
1175 2499 1313 2540 can.
1355 2481 1427 2539 16
1455 2496 1469 2539 :
1507 2503 1536 2535 «
1573 2479 1729 2538 ltem
1762 2478 2019 2560 placuit,
2041 2485 2111 2539 ut
2139 2477 2203 2537 hi
2234 2478 2341 2559 qui
2373 2475 2501 2537 sihi
2530 2475 2770 2558 ipsis...
2797 2475 2921 2536 υἱο-

661 2582 896 2643 lentam
934 2582 1220 2664 inferunt
1259 2590 1554 2661 mortem,
1590 2584 1760 2643 nulla
1801 2584 1924 2643 illis
1954 2585 2017 2642 in
2056 2583 2374 2644 oblatione
2400 2582 2924 2641 commemoratio

656 2686 794 2760 flat,
841 2708 1042 2768 neque
1073 2708 1224 2757 ‚cum
1267 2688 1521 2768 psalmis
1563 2688 1641 2748 ad
1688 2689 2069 2769 sepulturam
2116 2708 2333 2747 eorum
2378 2686 2683 2747 cadavera
2722 2686 2923 2746 dedu-

655 2798 950 2853 cantur...
985 2791 1286 2851 Similiter
1322 2801 1387 2852 et
1414 2792 1490 2853 de
1529 2792 1628 2853 his
1667 2793 1933 2874 placuit,
1966 2794 2073 2874 qui
2114 2813 2226 2873 pro
2258 2792 2385 2852 suis
2424 2790 2767 2851 sceleribus
2810 2812 2921 2871 pu-

656 2895 915 2955 niuntur
935 2895 980 2958 ⁴.
1014 2920 1044 2951 >³
1079 2896 1174 2957 Ita
1204 2897 1392 2957 etiam
1423 2917 1601 2958 conc.
1636 2898 2205 2970 Autissiodorense,
2232 2918 2336 2958 an.
2368 2898 2509 2969 768,
2542 2915 2683 2957 can.
2724 2898 2826 2970 17,
2858 2902 2926 2956 et

655 3019 832 3059 conc.
867 3000 1316 3061 Aurelianense
1348 3001 1437 3076 11,
1470 3023 1572 3064 an.
1608 3002 1756 3077 533,
1789 3023 1928 3064 can.
1965 3003 2035 3061 15
2056 3002 2104 3065 ⁵.

734 3104 800 3163 3⁰
840 3103 994 3164 Item
1037 3106 1446 3186 privabantur
1493 3105 1786 3168 damnati
1836 3105 1918 3168 oh
1974 3129 2089 3169 sua
2134 3107 2399 3167 scelera.
2447 3142 2529 3151 —
2574 3106 2669 3165 Ita
2724 3105 2921 3186 alleg.

654 3228 833 3269 conc.
869 3208 1078 3283 Brac.,
1111 3232 1248 3272 can.
1283 3214 1378 3272 16.

731 3312 798 3371 4⁰
822 3312 978 3373 Item
995 3315 1101 3395 qui
1126 3313 1192 3373 in
1218 3314 1438 3398 aliquo
1459 3316 1729 3377 crimine
1750 3316 1945 3377 occisi
1972 3316 2364 3397 suissen8.—
2381 3316 2473 3377 Ita
2501 3338 2575 3376 ex
2600 3315 2849 3397 Optato
2868 3314 2919 3389 ⁸,

651 3417 758 3498 qui
790 3426 1002 3479 narrat
1022 3418 1649 3481 Circumcellionibus
1670 3420 2055 3503 sepulturam
2078 3428 2365 3501 negatam
2392 3421 2606 3493 fuisse,
2632 3441 2710 3480 eo
2738 3418 2920 3501 quod

651 3522 839 3581 occisi
871 3522 1134 3583 fuissent
1163 3524 1228 3582 in
1258 3526 1536 3585 tumultu
1569 3526 1871 3586 adversus
1899 3528 2332 3606 magistratum
2364 3525 2607 3586 civilem
2632 3523 2679 3585 ⁷.

715 3667 730 3699 ¹
765 3665 1046 3731 Praecipue
1074 3667 1322 3719 Martene
1351 3674 1408 3719 et
1433 3671 1724 3735 Bingham,
1759 3672 1860 3722 loc.
1892 3672 1985 3721 cil.

710 3746 733 3780 ²
766 3746 968 3807 Brutis,
1002 3746 1272 3807 concilia,
1306 3752 1346 3797 t.
1378 3764 1442 3809 11,
1473 3765 1528 3812 p.
1559 3756 1640 3798 35.

711 3824 732 3857 ³
765 3823 978 3887 Migne,
1008 3826 1067 3873 P.
1107 3825 1188 3883 G„
1225 3829 1266 3875 t.
1291 3842 1418 3886 Lxu,
1445 3829 1548 3877 col.
1577 3832 1689 3877 204.

709 3903 733 3935 ⁴
768 3902 972 3965 Bruns,
1005 3904 1104 3953 loc.
1136 3903 1229 3954 cit.

711 3982 733 4016 Ι
767 3981 971 4040 Bruns,
1005 3984 1044 4031 t.
1076 3998 1138 4042 11,
1171 3998 1224 4045 p.
1257 3988 1373 4043 239,
1398 3989 1508 4033 186.

709 4060 731 4094 ⁶
763 4060 842 4108 De
882 4055 1174 4109 schismate
1225 4059 1656 4122 donatistarum,
1698 4062 1796 4114 lib.
1846 4062 1950 4121 111.
2002 4080 2054 4112 n.
2112 4067 2172 4125 -ίς
2222 4062 2429 4128 Migne,
2478 4063 2539 4112 P.
2584 4062 2663 4122 L„
2724 4064 2770 4112 t.
2830 4080 2922 4124 xx,

645 4137 750 4185 col.
787 4142 1102 4186 1008-1009.

705 4214 728 4249 7
763 4215 1078 4265 Contrarius
1121 4216 1339 4265 videtur
1380 4218 1472 4266 cit.
1523 4233 1697 4267 canon
1750 4224 1807 4267 15
1854 4235 2009 4268 conc.
2058 4220 2465 4270 Aurelianensis
2512 4219 2590 4278 11,
2633 4221 2730 4283 qui
2784 4222 2925 4272 ideo

644 4295 842 4356 exponi
874 4295 1011 4343 sorte
1037 4298 1220 4357 potest
1251 4295 1316 4343 de
1347 4296 1411 4343 iis
1459 4298 1548 4359 qui
1580 4300 1707 4345 ante
1736 4301 1967 4347 mortem
1998 4300 2151 4362 signa
2179 4299 2515 4363 poenitentiae
2539 4299 2853 4353 dedissent.
