3192 5025
1200 567 1286 616 DE
1324 565 1758 618 COEMETERHS
2502 563 2611 616 255

341 713 452 777 sia
502 711 720 798 pretio
773 709 926 774 aliis
977 709 1306 774 concedat
1357 710 1484 774 hoc
1537 710 1989 798 sepulcrum‚'
2021 717 2089 776 et
2150 710 2277 774 hoc
2332 715 2613 797 propter

341 825 590 890 eadem
628 823 763 889 duo
805 830 1240 911 argumenta,
1284 846 1434 912 quae
1483 824 1590 889 hic
1640 831 1855 888 totam
1894 823 2035 888 vim
2076 846 2270 889 suam
2319 823 2610 889 retinere

343 939 694 1004 videntur.

446 1159 638 1228 153.
681 1197 771 1207 —
823 1158 1276 1234 Quaeritur:
1335 1159 1416 1226 2⁰
1467 1157 1693 1240 Num,
1753 1158 1823 1222 in
1878 1157 1983 1222 his
2038 1159 2605 1242 concessionibus,

345 1273 805 1360 requirantur·
837 1271 1294 1336 solemnitates
1334 1273 1404 1336 in
1432 1272 1833 1336 alienatione
1875 1294 2108 1336 rerum
2146 1273 2611 1338 ecclesiastica-

345 1409 512 1451 rum
541 1387 988 1472 praescriptae,
1030 1393 1095 1448 et
1123 1385 1464 1470 praecipue
1501 1385 1999 1470 beneplacitum
2046 1385 2515 1470 apostolicum.

441 1501 650 1587 Resp.
687 1519 702 1566 :
751 1499 816 1562 1⁰
852 1498 929 1563 Si
964 1508 1219 1584 aqatut·
1245 1499 1326 1562 de
1360 1499 1530 1582 loco,
1569 1499 1638 1562 in
1676 1521 1813 1584 quo
1852 1499 2009 1585 quis
2038 1498 2196 1563 velit
2223 1508 2611 1564 construere

341 1614 744 1699 sepulcrum
771 1635 905 1699 pro
943 1635 1010 1676 se
1046 1613 1354 1698 suisque,
1398 1619 1749 1699 receptum
1798 1621 1903 1677 est
1942 1635 2080 1677 non
2119 1612 2372 1700 requiri
2409 1612 2611 1677 bene-

343 1728 682 1816 placitum
728 1726 1213 1814 apostolicum,
1267 1732 1336 1790 et
1383 1709 1664 1814 proinde
1713 1725 2019 1792 sufficere
2075 1727 2419 1792 licentiam
2468 1726 2611 1814 epi-

346 1841 562 1930 scopi.
605 1881 698 1890 —
747 1841 1001 1906 Verum
1054 1839 1330 1928 quidem
1388 1847 1526 1921 est,
1589 1840 1658 1904 vi
1717 1840 1912 1905 Pauli
1962 1839 2021 1904 II
2080 1848 2302 1907 const.
2360 1840 2611 1904 Ambi-

351 1957 536 2021 tiosae
587 1955 772 2042 (cap.
817 1977 872 2036 1,
919 1955 1020 2020 Dr:
1074 1975 1273 2020 nesus
1321 1974 1627 2019 nccmsuz
1674 1975 1799 2020 Nom
1861 1975 2270 2036 Αιιεκᾼκυιε,
2324 1955 2607 2021 Extrav.

345 2071 668 2156 comm.)‚
723 2068 1101 2157 prohiberi,
1155 2069 1303 2133 sine
1359 2067 1787 2156 beneplacito
1828 2069 2235 2157 apostoli00‚
2288 2091 2426 2134 non
2464 2077 2613 2134 tan-

347 2193 500 2248 tum
525 2184 1000 2248 alienationem
1037 2204 1264 2247 rerum
1305 2181 1945 2264 ecclesiasticarum,
1982 2182 2102 2248 sed
2143 2182 2349 2248 etiam
2379 2205 2613 2248 earum

349 2297 750 2362 locationem
787 2305 852 2360 et
897 2297 1409 2361 conductionem
1451 2297 1635 2360 ultra
1676 2297 2047 2361 triennium
2080 2319 2105 2362 .·
2154 2297 2336 2384 quod
2375 2297 2613 2362 adesse

343 2409 624 2477 videtur
685 2411 756 2474 in
821 2410 946 2475 hac
1005 2411 1442 2475 concessione
1502 2409 1637 2474 loci
1703 2433 1825 2498 pro
1889 2411 2202 2497 sepulcro
2268 2409 2604 2477 familiari.

345 2526 684 2591 Attamen
743 2526 964 2612 legem
1033 2524 1229 2590 aliter
1295 2525 1739 2613 interpretata
1799 2532 1905 2589 est
1970 2524 2391 2590 consuetudo
2418 2529 2461 2605 ¹,
2524 2524 2611 2590 ob

345 2638 560 2721 hanc,
609 2646 688 2703 ut
735 2639 1030 2718 videtur,
1084 2638 1450 2718 rationem,
1503 2639 1661 2727 quia
1710 2660 1987 2726 nempe,
2041 2646 2117 2703 ut
2163 2638 2421 2703 dictum
2471 2646 2605 2721 est,

345 2776 486 2817 non
541 2751 744 2816 datur
790 2753 1074 2839 pecunia
1134 2774 1256 2838 pro
1305 2758 1482 2815 terra
1545 2758 1815 2833 sancta,
1874 2750 1993 2816 sed
2050 2774 2172 2838 pro
2232 2750 2611 2816 extruendo

347 2867 664 2955 sepulcro
711 2872 1021 2954 separato
1071 2872 1140 2929 et
1187 2864 1695 2930 honorabiliori.
1739 2904 1827 2913 —
1885 2864 2206 2931 Ceterum
2258 2866 2447 2930 nulla
2508 2874 2614 2931 est

345 2980 751 3062 difficultas,
804 2978 1077 3068 quando
1124 2979 1318 3043 locus
1371 3001 1492 3065 pro
1555 2978 1906 3065 sepultura
1969 2979 2445 3043 concedendus
2508 2987 2614 3044 est

345 3093 634 3159 minoris
674 3092 1045 3172 momenti3
1077 3099 1241 3157 tunc
1281 3092 1462 3155 enim
1501 3091 1885 3179 applicatur
1925 3115 2073 3159 can.
2117 3092 2461 3176 Terrulas,
2497 3092 2605 3171 53,

347 3232 534 3275 caus,
581 3206 739 3288 XII,
774 3230 842 3295 q.
886 3229 967 3288 11,
1001 3206 1068 3271 vi
1107 3206 1305 3293 cujus
1345 3206 1705 3295 episcopus
1755 3208 2145 3296 permittere
2186 3213 2415 3295 potest
2451 3207 2612 3271 alie·

347 3322 496 3387 nari
564 3321 744 3386 bona
809 3321 1090 3385 minoris
1152 3321 1517 3400 momenti,
1577 3321 1722 3385 sine
1788 3321 1929 3385 ulla
2000 3320 2469 3401 solemnitate,
2542 3326 2611 3385 et

345 3434 636 3524 proinde
699 3436 844 3500 sine
908 3434 1335 3522 beneplacito
1388 3434 1797 3523 apostolico;
1852 3435 1961 3500 cui
2012 3434 2255 3499 canoni
2313 3456 2451 3498 non
2501 3434 2613 3498 de-

343 3550 622 3639 rogavit
674 3550 930 3614 Paulus
981 3548 1042 3613 II
1101 3548 1379 3637 praefata
1435 3549 1953 3615 constitutione.
2000 3546 2329 3625 Quaenam
2383 3556 2610 3613 autem

345 3666 490 3730 sint
543 3664 720 3728 bona
773 3662 1056 3728 minoris
1114 3662 1440 3727 momenti
1498 3662 1584 3726 ad
1636 3663 1952 3727 effectum
2018 3660 2104 3725 de
2158 3684 2293 3749 quo
2353 3662 2601 3749 agitur,

345 3785 652 3843 tractant
689 3778 1002 3843 doctores
1040 3775 1156 3841 ubi
1185 3776 1283 3840 De
1321 3777 1723 3841 alienatione
1759 3776 2098 3841 bonorum
2138 3775 2609 3841 ecclesiastico-

352 3914 535 3959 rum.

441 4007 514 4070 20
551 4004 628 4069 Si
666 4014 917 4091 aqatut·
952 4005 1034 4069 de
1069 4004 1378 4089 sepulcro
1404 4007 1564 4091 jam
1603 4012 1936 4087 eoetructo,
1979 4005 2167 4090 quod
2208 4004 2482 4068 redierit
2520 4005 2608 4069 ad

355 4121 727 4203 ecclesiam,
788 4125 858 4185 et
917 4118 1102 4207 quod
1160 4118 1304 4184 haec
1365 4119 1660 4184 alienare
1712 4118 1913 4199 velit,
1971 4118 2195 4206 legem
2249 4118 2606 4182 Paulinam

421 4290 439 4321 ¹
473 4290 556 4339 Ita
593 4290 782 4349 Petra,
817 4288 882 4338 In
917 4291 1088 4337 const.
1131 4288 1174 4335 V
1210 4286 1372 4337 Pauli
1409 4287 1490 4346 11,
1535 4302 1588 4335 n.
1632 4292 1823 4347 17-18,
1866 4290 1906 4337 t.
1950 4302 2003 4347 ν,
2046 4302 2099 4349 p.
2143 4292 2261 4347 2173
2305 4312 2362 4323 —
2404 4287 2607 4336 Gir-aldi

359 4366 668 4433 Expositio,
701 4372 828 4427 etc„
861 4367 960 4416 loc.
998 4366 1087 4414 cit.
