3192 5025
1277 524 1363 574 DE
1398 523 1564 574 JURE
1605 521 1795 574 ASYLI
2564 521 2659 573 101

401 689 640 730 curare
690 664 942 731 debent
992 673 1288 732 rectores
1335 666 1775 732 ecelesiarum
1816 665 1997 754 apud
2035 665 2335 754 judicem
2384 665 2665 732 soecula-

401 803 574 847 rem.
620 777 823 858 Quod
861 780 919 844 si
970 779 1080 845 hio
1123 779 1338 866 judex
1391 804 1506 846 reo
1557 781 1915 869 promittat
1964 781 2177 846 vitam
2214 787 2285 846 et
2321 778 2657 861 membra,

401 900 480 959 ut
517 916 676 958 reus
713 894 935 981 possit
971 894 1155 958 exire
1195 893 1279 958 ab
1319 894 1639 972 eeclesia,
1682 894 1959 959 omnino
1999 900 2268 959 tenetur
2304 901 2481 960 stare
2512 915 2663 981 pro-

403 1007 667 1085 missis,
735 1006 861 1072 sub
923 1030 1125 1096 poena
1191 1007 1460 1073 violatoe
1519 1007 1971 1074 immunitatis
2031 1014 2098 1073 et
2156 1007 2249 1072 rei
2308 1007 2375 1072 in
2436 1007 2661 1072 locum

400 1143 672 1188 sacrum
707 1121 1136 1187 restituendi.
1185 1121 1286 1188 Ita
1325 1145 1563 1188 omnes
1603 1147 1687 1187 ex
1725 1121 2004 1212 praefato
2043 1122 2261 1209 capite
2287 1127 2331 1187 ¹.

489 1235 560 1300 3⁰
606 1235 936 1300 Attamen
975 1238 1102 1322 jus
1150 1237 1327 1322 asyli
1374 1259 1506 1302 non
1564 1237 1801 1301 eximit
1851 1259 2043 1302 reum
2086 1237 2173 1300 ab
2216 1236 2401 1300 omni
2428 1258 2655 1321 poena.

397 1385 489 1397 —
525 1349 819 1416 Constat
871 1350 1020 1415 eod.
1078 1351 1298 1439 capite
1335 1370 1350 1417 :
1411 1379 1442 1410 «
1487 1351 1706 1438 Super
1755 1350 1882 1415 hoc
1930 1357 2162 1415 tamen
2209 1349 2391 1437 quod
2431 1349 2660 1438 inique

395 1461 584 1544 fecit,
615 1470 722 1528 est
745 1463 916 1528 alias
944 1464 1238 1549 leqitime
1259 1465 1673 1550 punienda-3.
1709 1493 1741 1524 »
1775 1464 1995 1544 Unde,
2020 1463 2219 1550 juxta
2245 1462 2657 1548 Schmalzg.,

387 1575 606 1664 judex
664 1577 1008 1643 saecularis
1069 1577 1306 1644 citabit
1363 1601 1554 1644 reum
1617 1578 1743 1644 sub
1799 1578 2347 1643 interminatione
2405 1599 2655 1665 poenae,

394 1714 464 1756 v.
509 1713 610 1778 g„
655 1691 1098 1779 pecuniaria23
1139 1691 1197 1758 si
1245 1716 1382 1756 non
1423 1699 1845 1780 compareat,
1890 1716 2008 1780 per
2045 1715 2151 1771 se,
2197 1691 2304 1756 vel
2351 1714 2471 1778 per
2506 1713 2660 1778 pro-

397 1811 820 1884 curatorem,
874 1805 1196 1870 damnare
1245 1806 1495 1893 poterit
1543 1828 1701 1870 eum
1747 1813 1825 1872 ut
1871 1809 2399 1870 contumacem2.
2450 1805 2659 1870 Juxta

397 1917 604 1998 alios,
651 1918 842 1982 solus
871 1917 1086 2006 judex
1136 1918 1637 1984 ecclesiasticus
1685 1925 1791 1984 est
1838 1941 1915 1984 ea
1963 1918 2045 1984 de
2085 1942 2156 1983 re
2196 1924 2587 2004 competens
2608 1919 2653 1982 ³.

393 2029 596 2096 Unde
635 2031 957 2097 standum
998 2032 1325 2118 legitimis
1364 2032 1992 2098 consuetudinibus.

735 2353 773 2427 S
812 2354 881 2412 3.
923 2355 1030 2412 De
1068 2355 1260 2414 loeis
1299 2369 1464 2428 quae
1502 2355 1675 2427 lure
1712 2355 1904 2428 asyli
1944 2356 2325 2412 truantur.

489 2592 588 2661 51
603 2639 626 2659 .
684 2630 772 2641 —-
809 2593 1018 2661 Loca
1048 2592 1230 2680 jure
1265 2592 1472 2680 asyli
1509 2592 1885 2661 fruentia.

491 2708 562 2769 10
609 2706 958 2771 Fruuntur
1002 2705 1180 2793 asyli
1226 2706 1380 2793 jure
1433 2729 1661 2771 omnes
1712 2707 2026 2790 ecclesiae,
2093 2708 2296 2771 etiam
2355 2706 2656 2771 nondum

389 2820 790 2905 benedictae,
825 2822 1030 2885 etiam
1090 2821 1458 2885 interdictae
1510 2828 1632 2885 aut
1673 2821 1981 2906 pollutae.
2034 2858 2121 2869 —-
2172 2820 2457 2885 Constat
2502 2841 2649 2907 cap.

395 2934 578 2998 Cum
631 2934 936 3018 ecclesia,
989 2936 1068 3013 ὃς
1123 2936 1314 2998 Inter
1373 2935 1544 3017 alia,
1599 2934 1672 3013 ὃς
1730 2934 2077 3018 Ecclesiae,
2124 2933 2199 3013 9;
2245 2934 2656 2997 Immunita-

393 3056 572 3129 tem,
618 3048 728 3129 10,
764 3048 866 3112 ΒΕ
903 3068 1298 3115 mummium
1335 3068 1538 3127 scen„
1573 3048 1647 3111 in
1685 3047 1931 3137 quibus
1961 3047 2079 3134 jus
2114 3046 2291 3134 asyli
2340 3045 2655 3112 tribuitur

387 3161 683 3227 ecclesiis
751 3162 897 3227 sine
961 3161 1104 3228 ulla
1170 3161 1606 3227 distinctione
1677 3168 1745 3226 et
1821 3185 1976 3227 cum
2042 3161 2226 3226 omni
2291 3160 2653 3225 verborum

389 3274 866 3361 generalitate.
907 3314 998 3325 --
1038 3276 1136 3340 De
1177 3298 1312 3363 quo
1350 3275 1727 3340 notandum
1759 3295 1775 3341 ε

484 3412 550 3453 a.
594 3389 894 3456 Ecclesia
935 3389 1228 3455 sumitur
1265 3389 1374 3455 hic
1414 3390 1483 3454 in
1524 3412 1735 3455 sensu
1776 3390 2124 3472 latissimo,
2169 3390 2260 3453 ita
2303 3410 2545 3475 nempe
2574 3395 2651 3452 ut

387 3502 925 3591 comprehendat
989 3503 1272 3585 atrium,
1350 3502 1722 3592 porticum,
1804 3510 2093 3583 turrem,
2170 3504 2463 3590 parietes
2535 3509 2651 3567 aut

373 3618 632 3705 januas
678 3618 1078 3697 exteriore5‚
1136 3618 1272 3682 imo
1325 3626 1394 3683 et
1441 3617 1681 3683 domos
1735 3617 2157 3683 adhaerentes
2212 3616 2513 3682 ecclesiae
2564 3616 2651 3681 ad

387 3752 682 3817 eamque
741 3730 1186 3819 pertinentes,
1263 3768 1355 3780 —
1427 3731 1717 3798 Constat
1782 3730 1937 3817 jure
2011 3754 2326 3811 roman0,
2406 3752 2649 3818 nempe

381 3841 440 3908 l.
487 3844 806 3927 Pateant,
861 3845 934 3925 3,
1001 3845 1151 3911 cod.
1205 3846 1303 3909 De
1353 3845 1458 3910 his
1509 3846 1633 3931 qui
1692 3846 1782 3909 ad
1838 3846 2177 3910 ecclesiam
2238 3844 2648 3929 consuqt'unt

385 3956 496 4044 (Ι,
563 3959 726 4043 111),
795 3958 864 4022 in
939 3981 1074 4046 quo
1136 3964 1621 4025 enumerantur
1686 3982 1922 4025 omnes
1987 3965 2215 4047 partes
2280 3958 2647 4023 exteriores

449 4177 465 4210 ¹
502 4176 586 4225 Cf.
617 4176 936 4240 Schmalzg„
967 4178 1066 4227 loc.
1097 4177 1211 4236 cit„
1241 4193 1294 4227 n.
1329 4182 1584 4229 275-277.

448 4255 475 4289 ⁸
506 4254 670 4313 Ibid„
697 4270 751 4305 n.
783 4260 893 4304 293.

447 4332 588 4382 ²‘Ct'.
623 4334 802 4395 Rem„
835 4334 935 4383 loc.
967 4334 1080 4393 cit„
1113 4350 1164 4383 n.
1192 4340 1300 4384 169.
