3192 5025
640 479 728 529 DE
765 479 1140 530 NEGATIONE
1177 477 1696 530 ECCLESIASTICAE
1731 479 2138 531 SEPULTURAE
2413 477 2518 532 353

268 645 419 711 quae
457 631 795 711 praecepto
834 645 1155 710 expresso
1196 623 1281 688 ab
1320 623 1636 712 episcopo
1675 623 2088 706 indicuntur,
2131 630 2200 689 et
2237 625 2518 712 proinde

271 737 540 825 publice
604 738 675 802 in
746 737 1067 820 ecclesia,
1117 738 1555 825 pronuntiato
1621 739 1896 804 nomine
1948 738 2284 820 defuncti,
2343 741 2521 805 cele-

273 850 555 917 brantur
602 858 719 917 aut
764 853 1009 917 saltem
1056 851 1381 917 celebrari
1427 859 1754 940 possunt3
1814 855 1956 918 haec
2011 859 2240 919 autem
2293 855 2520 940 officia

272 966 597 1052 funebria
641 965 986 1032 funeribus
1034 965 1532 1049 assimilantur;
1587 991 1748 1056 ergo
1797 975 1869 1035 et
1913 968 2150 1034 funera
2197 969 2526 1034 solemnia

276 1087 440 1146 sunt
474 1078 721 1146 licita¹.

369 1195 440 1260 30
502 1195 813 1280 Infantes
880 1195 1137 1265 m‘ortui
1210 1195 1464 1282 absque
1537 1197 1908 1281 bapti3m0‚
1978 1195 2139 1262 licet
2204 1199 2343 1262 sint
2404 1197 2526 1261 filii

281 1308 791 1374 catholicorum.
842 1347 931 1357 —
978 1306 1269 1375 Constat
1315 1309 1429 1402 cit.
1482 1317 1679 1376 textu
1725 1311 2020 1375 Ritualis
2070 1312 2366 1396 romani,
2411 1313 2526 1399 qui

281 1430 509 1488 textus
582 1445 719 1488 non
795 1422 1178 1511 distinguit.
1252 1424 1431 1513 Ergo
1452 1477 1466 1505 ,
1546 1424 1740 1506 licet,
1814 1431 1892 1490 ut
1961 1449 2164 1513 supra
2234 1425 2531 1490 diximus

283 1537 382 1624 (n.
414 1538 549 1624 34,
577 1536 701 1626 30),
722 1537 1070 1625 sepultura
1109 1537 1389 1604 infantis
1428 1561 1565 1604 non
1603 1538 1959 1630 baptizati,
2000 1539 2131 1625 filii
2160 1549 2533 1627 parentum

284 1652 806 1736 catholicorum,
850 1675 988 1718 non
1026 1653 1294 1740 polluat
1340 1655 1836 1736 coemeterium,
1882 1661 2185 1719 attamen
2223 1654 2536 1719 illicitum

286 1772 391 1831 est
457 1767 518 1831 ei
582 1766 741 1832 dare
808 1766 1231 1855 sepulturam
1301 1766 1852 1834 ecclesiasticam.
1909 1807 2000 1816 —-
2050 1769 2412 1851 Attamen,
2479 1769 2538 1834 si

288 1881 507 1946 adhuc
548 1881 636 1946 sit
672 1879 899 1946 infans
937 1881 1007 1946 in
1044 1887 1237 1946 utero
1277 1882 1513 1947 matris
1552 1889 1859 1965 mortuae,
1904 1906 2058 1948 cum
2097 1906 2176 1948 ea
2213 1883 2540 1971 sepelitur

286 1995 358 2060 in
395 2002 573 2061 terra
613 2001 885 2076 sancta3
928 2018 1156 2076 seem,
1201 1996 1260 2060 si
1298 1995 1382 2061 ab
1420 2003 1612 2061 utero
1651 2004 2004 2085 separatus
2043 1997 2266 2063 fuerit.

384 2223 573 2291 218.
612 2261 703 2271 —
747 2224 1079 2292 Ratione
1131 2241 1513 2292 censurae.
1563 2263 1651 2272 —
1698 2223 1867 2290 Duae
1917 2223 2218 2290 censurae
2269 2224 2543 2313 privant

254 2338 643 2424 ,sepultura
698 2335 1190 2418 ecclesiastica,
1242 2360 1486 2425 nempe
1533 2338 2139 2404 excommunicatio
2197 2340 2428 2425 major
2478 2347 2545 2404 et

292 2451 755 2518 interdictum.
2427 2453 2434 2459 ’

386 2570 457 2631 10
492 2566 591 2631 De
639 2567 893 2652 majori
938 2567 1648 2633 excommunicatione.
1681 2604 1772 2615 —
1818 2564 1873 2630 Ii
1921 2567 2038 2654 qui
2085 2568 2548 2631 excommuni-

294 2680 549 2745 cationi
594 2680 835 2768 majori
882 2679 1269 2769 subjacent,
1321 2704 1405 2745 ex
1448 2704 1548 2764 se,
1601 2680 2067 2745 excluduntur
2111 2704 2150 2745 a
2195 2681 2550 2767 sepultura

294 2795 763 2879 ecclesiastica,
812 2796 903 2860 ita
954 2803 1027 2860 ut
1074 2795 1162 2859 ad
1207 2818 1356 2859 eam
1404 2794 1676 2859 nullum
1709 2795 1838 2881 jus
1888 2794 2205 2861 habeant.
2264 2796 2552 2861 Constat

298 2931 446 2998 cap.
468 2909 717 2993 Sacris,
751 2908 857 2991 12,
890 2910 993 2974 Da
1022 2927 1438 2975 summumst
1478 2934 1511 2969 «
1546 2908 1767 2974 Sacris
1807 2915 1912 2973 est
1951 2910 2321 2977 canonibus
2361 2909 2552 2975 insti-

298 3029 551 3105 tutum,
582 3030 681 3103 ut,
716 3023 969 3110 quibus
1000 3046 1133 3088 non
1170 3024 1814 3089 communicavimus
1853 3024 2048 3107 vivis,
2085 3047 2218 3089 non
2252 3046 2552 3089 commu-

300 3140 599 3204 nicemus
654 3138 993 3223 defunctis
1011 3142 1055 3221 ²,
1113 3143 1183 3202 et
1230 3144 1308 3201 ut
1358 3145 1633 3202 careant
1682 3137 2118 3203 ecclesiastica
2159 3139 2548 3223 sepultura,

301 3254 426 3340 qui
454 3254 657 3339 prius
684 3259 880 3317 erant
915 3253 1004 3317 ab
1041 3252 1475 3316 ecclesiastica
1519 3251 1775 3315 unitate
1803 3252 2097 3336 praecisi,
2132 3274 2257 3316 nec
2298 3252 2367 3316 in
2399 3253 2557 3317 arti-

302 3365 457 3432 culo
521 3367 763 3431 mortis
828 3364 1149 3431 Ecclesiae
1205 3363 1621 3431 reconciliati
1668 3363 1943 3430 fuerint.
1995 3390 2028 3425 »
2094 3365 2195 3429 De
2251 3364 2357 3429 his
2414 3365 2556 3430 haec

303 3480 591 3546 dicenda
626 3498 643 3546 :
2455 3564 2462 3573 ·

308 3590 319 3601 ’
394 3618 459 3661 a.
505 3595 653 3660 Etsi
705 3594 1299 3674 excommunicati,
1351 3615 1474 3680 per
1524 3614 1631 3673 se,
1680 3592 1796 3680 jus
1847 3590 2116 3657 nullum
2169 3590 2424 3657 habent
2475 3594 2561 3657 ad

306 3709 729 3798 sepulturam
766 3708 1325 3790 ecclesiasticam,
1370 3712 1671 3771 attamen
1710 3706 1869 3772 licet
1909 3705 2005 3770 eis
2043 3705 2216 3770 hanc
2254 3706 2562 3794 sepultu-

307 3846 455 3889 ram
494 3823 885 3905 concedere,
926 3824 987 3888 .ςὶ
1026 3845 1158 3887 ηοη
1195 3821 1333 3886 sint
1370 3820 1651 3885 vitandi.
1697 3820 1896 3885 Ratio
1937 3826 2042 3885 est
2081 3820 2238 3908 quia
2274 3821 2346 3885 vi
2383 3821 2561 3885 Mar-

307 3938 436 4003 tini
486 3938 547 4000 V
600 3936 806 4002 bullae
852 3936 971 4001 Ad
1015 3935 1323 4001 evitanda
1377 3934 1696 4000 scandala
1743 3956 1883 3998 non
1922 3940 2234 3999 tenemur
2271 3934 2562 4021 amplius

374 4135 393 4169 ¹
428 4134 767 4184 Contrarium
797 4132 1153 4181 assertionem
1192 4134 1343 4180 tenet
1378 4130 1643 4190 Momm-t,
1674 4130 1751 4178 De
1779 4130 2091 4193 sepultura,
2128 4145 2182 4193 p.
2215 4135 2405 4189 ‹so-63,
2439 4135 2558 4180 268-

312 4218 432 4273 269;
464 4214 580 4277 ejus
610 4216 793 4262 tamen
820 4213 1138 4273 argumenta
1166 4224 1273 4257 non
1302 4208 1612 4258 referuntur
1638 4208 1740 4256 nisi
1769 4208 1837 4257 ad
1868 4208 2172 4271 antiquiora
2203 4212 2466 4272 tempora.

374 4292 401 4329 ²
432 4292 565 4349 Qum
594 4290 761 4340 verba
785 4292 913 4339 sunt
942 4288 999 4339 S.
1030 4289 1223 4337 Leonis
1255 4287 1275 4334 1
1302 4286 1520 4351 (supra,
1552 4301 1606 4335 n.
1636 4286 1771 4347 141,
1801 4286 1892 4351 5⁰).

528 4386 674 4423 Locis
700 4386 892 4421 saenis.
2209 4382 2277 4435 23
