3192 5025
605 416 708 469 174
1493 419 1582 468 DE
1619 417 1975 469 ORATOVRHS

601 565 670 630 in
700 562 946 652 quibus
975 561 1204 648 plures
1233 563 1478 627 missas
1506 563 1940 651 permittunt,
1974 560 2239 627 nullum
2270 561 2449 626 diem
2478 561 2850 649 excipiunt,

601 679 768 744 alias
825 676 1208 742 functiones
1263 684 1508 764 praeter
1563 677 1845 742 missam
1899 677 2338 766 permittunt,
2391 682 2521 742 etc.
2574 715 2661 726 —
2715 677 2857 742 Has

601 798 829 859 autem
881 790 1222 856 clausulas
1277 791 1577 879 episcopi
1625 791 1989 880 praecipere
2044 797 2336 878 possunt
2394 790 2599 856 etiam
2654 790 2857 855 modo

600 905 935 993 generali,
979 927 1222 993 nempe
1261 927 1384 993 per
1419 912 1679 971 statuta
1715 905 2122 970 dioecesana.

691 1021 760 1087 3⁰
805 1020 1166 1102 Attamen,
1219 1020 1554 1109 quidquid
1599 1019 1837 1085 dicunt
1882 1019 2127 1107 aliqui,
2182 1042 2317 1085 non
2367 1026 2683 1084 tenentur
2729 1017 2861 1108 ipsi

601 1134 901 1224 episcopi
947 1131 1266 1199 adhibere
1315 1134 1658 1199 clausulas
1707 1133 2129 1221 pontificias3
2173 1133 2277 1197 hae
2316 1133 2499 1198 enim
2536 1133 2861 1198 clausulae

603 1255 766 1316 sunt
809 1246 996 1335 leges
1042 1248 1389 1334 speciales,
1432 1247 1681 1336 quibus
1730 1248 1859 1312 soli
1906 1247 2257 1314 indultarii
2312 1252 2669 1327 tenentur;
2723 1247 2861 1310 imo

601 1363 802 1446 illud,
849 1362 1031 1451 quod
1077 1362 1470 1427 vocavimus
1514 1363 1618 1451 (n.
1674 1361 1817 1450 94)
1856 1364 1985 1448 jus
2032 1385 2387 1427 commune
2437 1361 2663 1449 quoad
2714 1383 2863 1426 ora-

603 1479 799 1556 toria,
843 1500 978 1542 non
1018 1476 1295 1564 respicit
1331 1477 1463 1541 nisi
1502 1476 1796 1542 oratoria
1834 1498 2157 1541 concessa
2195 1500 2233 1541 a
2273 1476 2601 1541 Romanis
2640 1475 2867 1564 ponti-

603 1598 876 1681 ficibuS,
941 1605 1017 1664 ut
1083 1621 1398 1687 expresse
1460 1598 1627 1664 dicit
1688 1597 2007 1664 Clemens
2076 1597 2204 1679 XI,
2266 1599 2335 1663 in
2404 1598 2519 1662 cit.
2588 1595 2865 1662 decreto

609 1711 942 1789 Quoniam
976 1721 1236 1779 sancta.

695 1828 766 1891 4⁰
803 1829 906 1892 De
970 1834 1307 1914 potestate
1383 1827 1685 1915 episcopi
1740 1828 1805 1892 υἱ
1859 1828 2399 1911 consuetudinis,
2466 1827 2553 1892 cf.
2618 1848 2862 1915 supra,

606 1963 674 2005 n.
720 1941 858 2011 83.

849 2239 887 2312 5
924 2241 995 2298 6.
1036 2241 1142 2297 De
1182 2240 1436 2298 indole
1472 2240 1802 2312 luridica
1839 2241 2156 2299 oratorii
2195 2241 2616 2299 domestici.

700 2485 835 2554 97.
868 2524 957 2535 -
994 2485 1317 2554 Indoles
1347 2484 1698 2573 juridica
1735 2487 2064 2555 oratorii
2102 2486 2546 2555 domestici.

703 2603 772 2664 10
811 2599 1198 2665 Oratorium
1248 2600 1700 2664 domesticum
1750 2624 1887 2665 non
1936 2607 2041 2666 est
2085 2600 2278 2665 locus
2322 2623 2510 2666 sacer
2548 2610 2671 2666 aut
2710 2602 2869 2665 reli-

603 2714 864 2797 giosus,
909 2714 1064 2801 quia
1114 2737 1250 2777 non
1298 2714 1667 2801 deputatur
1713 2714 1784 2778 in
1830 2720 2238 2802 perpetuum
2286 2714 2370 2780 ab
2418 2715 2739 2803 episcopo
2780 2714 2869 2780 ad

605 2826 810 2891 linem
849 2826 1036 2912 pium
1076 2834 1192 2892 aut
1231 2848 1532 2905 sacrum;
1576 2834 1885 2892 remanet
1920 2828 2113 2892 locus
2142 2828 2489 2912 privatus,
2532 2828 2671 2893 imo
2702 2851 2868 2914 pro—

604 2944 844 3025 fanus,
897 2939 966 3003 in
1024 2961 1190 3026 qu0,
1244 2947 1477 3005 contra
1514 2940 1633 3029 jus
1681 2964 2071 3021 commune,
2124 2964 2209 3006 ex
2258 2942 2459 3008 Rom.
2513 2942 2868 3007 Pontificis

606 3052 904 3133 indulto,
948 3052 1147 3117 datur
1185 3053 1471 3118 facultas
1509 3052 1895 3119 celebrandi
1934 3055 2238 3121 missam.
2282 3055 2478 3122 Unde
2517 3078 2657 3120 non
2693 3056 2868 3121 reci-

603 3166 706 3255 pit
743 3167 1317 3231 consecrationem
1356 3173 1473 3232 aut
1508 3166 2051 3233 benedictionem
2085 3168 2248 3258 (nisi
2279 3168 2861 3251 benedictionem,

607 3304 757 3369 quae
796 3280 994 3345 datur
1035 3303 1212 3345 novae
1250 3281 1507 3366 domui,
1551 3282 1823 3347 Rituale
1860 3284 2085 3367 Rom„
2130 3291 2183 3349 t.
2220 3304 2356 3366 vm,
2402 3307 2461 3350 c.
2496 3304 2562 3349 v!
2600 3290 2670 3349 et
2706 3283 2863 3372 vu),

606 3417 730 3459 nec
793 3394 1076 3482 proinde
1151 3393 1523 3460 obnoxium
1589 3402 1693 3460 est
1760 3396 2156 3483 pollutioni,
2225 3420 2351 3462 nec
2418 3397 2663 3463 fruitur
2712 3397 2867 3486 jure

606 3508 817 3595 asyli;
862 3515 1303 3597 remanetque
1341 3510 1618 3574 omnino
1657 3510 1727 3575 in
1766 3510 2034 3598 privato
2075 3511 2397 3577 dominio,

696 3621 769 3685 20
809 3622 1250 3708 privilegium
1290 3624 1566 3689 oratorii
1608 3624 1963 3691 domestici
2003 3632 2108 3691 est
2155 3626 2433 3689 omnino
2470 3625 2867 3710 personale‚·

609 3735 1000 3800 conceditur
1060 3737 1238 3801 enim
1295 3739 1607 3824 personis
1666 3740 1938 3827 proprio
2000 3740 2271 3804 nomine
2330 3738 2734 3826 designatis,
2798 3746 2865 3802 et

609 3866 778 3937 quas
816 3850 1017 3915 Rom.
1068 3850 1418 3934 Pontifex,
1463 3852 1663 3940 juxta
1702 3851 1907 3918 verba
1945 3852 2228 3934 indulti,
2274 3853 2547 3938 speciali
2592 3852 2865 3917 benevo-

611 3962 814 4027 lentia
845 3965 1170 4049 prosequi
1206 3964 1393 4046 vult3
1439 3965 1663 4053 ipsum
1700 3972 1929 4031 autem
1968 3964 2338 4031 oratorium
2374 3969 2605 4053 potest
2641 3972 2866 4031 trans-

609 4074 768 4140 ferri
810 4076 1000 4166 (cum
1039 4099 1219 4142 nova
1256 4078 1745 4167 approbatione
1784 4079 2119 4172 episcopi)
2166 4080 2249 4145 de
2289 4078 2599 4146 cubiculo
2639 4080 2709 4144 in
2746 4102 2863 4146 cu-

609 4187 946 4271 biculum,
991 4189 1072 4254 de
1111 4187 1316 4255 domo
1359 4192 1432 4257 in
1470 4193 1784 4275 domum,
1836 4216 1904 4258 v.
1959 4216 2058 4281 g.,
2116 4193 2198 4260 de
2238 4193 2441 4259 domo
2478 4192 2740 4260 urbana
2793 4193 2863 4257 in
