3192 5025
1149 1264 1580 1346 CAPUT
1651 1261 1777 1342 VI

473 1703 567 1756 DE
623 1701 938 1756 JURIBUS
995 1701 1348 1756 PAROCHI·
1385 1699 1474 1754 ET
1531 1697 1915 1753 ECCLESIAE
1972 1692 2458 1749 TUMULANTIS

337 2235 378 2309 ἓ
419 2236 488 2294 1.
531 2237 638 2294 De
674 2235 977 2308 juribus
1028 2235 1370 2310 parochi,
1410 2238 1711 2308 quando
1751 2236 2261 2309 parochianus
2302 2233 2595 2290 nullam

575 2341 803 2400 hahet
841 2343 1162 2401 electam
1201 2345 1332 2399 aut
1370 2341 1830 2419 flentum-am
1871 2341 2365 2414 sepulturam.

433 2562 626 2632 188.
665 2600 753 2613 ·-
783 2564 1374 2631 Enumerantur
1410 2564 1637 2631 varia
1676 2561 1863 2650 jura
1909 2563 2238 2651 parochi
2279 2565 2364 2631 in
2404 2583 2593 2633 casu

336 2676 746 2764 praedioto.

434 2788 500 2853 1⁶
535 2790 621 2854 In
656 2812 934 2876 qenere,
970 2788 1086 2876 jus
1125 2790 1330 2856 habet
1368 2790 1705 2879 parochus
1742 2791 2111 2879 peragendi
2159 2791 2395 2857 funera
2441 2816 2594 2880 pro-

335 2902 471 2992 prii
526 2903 948 2990 parochiani,
1011 2904 1128 2992 qui
1173 2904 1435 2969 nullam
1491 2904 1701 2991 elegit
1751 2905 2168 2993 sepulturam
2215 2928 2341 2971 nec
2391 2906 2595 2973 habet

339 3016 763 3105 sepulturam
792 3016 1130 3103 majorum
1166 3018 1236 3082 in
1267 3017 1399 3083 alia
1427 3016 1713 3083 ecclesia
1750 3042 1828 3083 ac
1862 3019 2252 3106 parochiali.
2286 3059 2376 3069 —
2413 3019 2600 3085 Con-

339 3137 479 3196 stat
517 3154 603 3195 ex
643 3130 842 3195 dietis
883 3153 1118 3217 supra,
1150 3130 1268 3196 ubi
1303 3132 1383 3195 de
1411 3131 1765 3218 sepultura
1794 3134 2179 3218 parochiali
2220 3133 2323 3223 (n.
2363 3132 2588 3221 170).

341 3281 430 3292 —
469 3243 728 3332 Estque
767 3244 896 3309 hoc
931 3247 1059 3331 jus
1097 3246 1490 3330 parochiale
1526 3246 1879 3329 strictum,
1921 3253 2001 3311 ut
2046 3246 2296 3312 ibidem
2335 3247 2595 3312 dictum

343 3364 480 3439 est,
525 3357 618 3423 ita
655 3364 732 3423 ut
767 3358 960 3423 nefas
1009 3358 1098 3423 sit
1135 3358 1252 3424 alii
1297 3360 1663 3442 sacerdoti,
1706 3383 1830 3425 seu
1876 3360 2183 3426 saeculari
2230 3384 2350 3426 seu
2396 3384 2595 3448 regu-

341 3470 501 3553 lari,
561 3471 744 3537 dicta
809 3472 1048 3538 funera
1102 3495 1456 3561 peragere,
1528 3473 1673 3539 sine
1728 3473 2007 3539 licentia
2062 3474 2367 3562 parochi,
2429 3475 2595 3563 quin

340 3591 572 3650 tamen
609 3583 753 3650 ulla
789 3608 992 3674 poena
1020 3586 1175 3674 jure
1205 3587 1546 3651 communi
1583 3588 1673 3652 sit
1710 3588 2084 3654 constituta
2112 3595 2346 3654 contra
2383 3589 2596 3654 delin-

343 3705 693 3787 quentem.
751 3698 948 3765 Unde
1009 3699 1214 3764 etiam
1263 3699 1458 3766 nefas
1510 3707 1613 3766 est
1673 3700 2037 3767 heredibus
2096 3701 2212 3767 alii
2262 3702 2598 3769 sacerdoti

344 3811 770 3878 committere
808 3812 1044 3878 funera
1079 3814 1490 3901 peragenda.

434 3926 508 3990 20
543 3927 627 3990 In
651 3927 897 4011 specie,
919 3926 1036 4013 jus
1070 3925 1276 3992 habet
1298 3928 1670 4015 parochus:
1702 3930 1977 3995 levandi
2003 3954 2246 4021 corpus
2278 3932 2360 3997 de
2396 3932 2595 3996 domo

346 4038 681 4121 defuneti;
723 4077 814 4087 —
864 4039 1157 4106 ducendi
1207 4041 1411 4108 funus
1461 4042 1546 4109 ad
1595 4044 1942 4131 propriam
1994 4046 2349 4113 eeclesiam
2400 4068 2600 4133 paro-

347 4152 667 4233 chialem;
712 4190 800 4203 —
832 4152 1249 4235 celebrandi,
1293 4178 1568 4244 corpore
1616 4164 1984 4244 praesente,
2030 4159 2326 4225 officium
2364 4159 2604 4225 defun-

349 4272 612 4333 ctorum
660 4266 1082 4356 missamque
1121 4268 1611 4358 exsequialem;
1663 4308 1753 4321 —-
1802 4272 2084 4338 tandem
2130 4274 2419 4341 ducendi
2457 4298 2595 4340 eor·
