3192 5025
691 468 781 518 DE
818 467 1200 518 NEGATIONE
1238 467 1758 519 ECCLESIASTICAE
1798 467 2203 521 SEPULTURAE
2473 470 2577 524 365

318 611 734 678 inhumandi
770 613 1177 696 defunctum
1220 611 1289 676 in
1332 611 1471 677 loco
1509 635 1726 696 sacr0,
1761 612 1906 678 sive
1937 613 2142 679 funus
2173 614 2573 700 celebretur,

316 726 467 792 sive
522 747 665 790 non
715 724 1119 792 celebretur.
1161 764 1251 774 —
1304 725 1505 792 Ratio
1563 726 1946 792 desumitur
2005 751 2090 794 ex
2139 727 2307 816 ipsis
2355 730 2579 796 verbis

314 837 865 920 constitutionis»,
934 839 1117 903 tradi
1183 838 1551 925 sepulturae
1612 841 2095 926 ecclesiastieae,
2154 865 2305 930 quae
2367 844 2580 909 alium

316 976 595 1019 sensum
638 952 887 1018 habere
934 960 1318 1041 nequeunt,
1363 976 1441 1018 eo
1490 956 1712 1041 magis
1758 955 1940 1044 quod
1991 941 2104 1021 hie'
2153 957 2580 1024 strictissime

318 1065 767 1155 intelligenda
806 1072 989 1132 sunt.
1033 1105 1121 1116 —·
1158 1067 1251 1134 Ut
1289 1075 1518 1133 autem
1556 1068 1666 1133 sit·
1695 1068 1886 1134 locus
1924 1092 2114 1135 sacer
2143 1070 2228 1136 ad
2267 1073 2580 1137 effectum

318 1182 405 1246 de
457 1203 590 1269 quo
658 1180 915 1268 agitur,
983 1203 1119 1245 non
1186 1181 1438 1247 sufficit
1504 1181 1688 1270 quod
1752 1183 2117 1268 deputetur
2181 1187 2582 1251 auctoritate

318 1295 611 1380 episcopi
666 1293 749 1359 ad
814 1294 1237 1382 sepulturam
1290 1295 1595 1360 fidelium
1615 1349 1630 1378 ‚
1695 1295 1816 1361 sed
1876 1297 2245 1384 requiritur
2306 1299 2583 1388 insuper

319 1416 399 1475 ut
436 1409 526 1474 sit
566 1409 693 1474 rite
730 1410 1201 1493 benedictus¹,·
1220 1410 1422 1497 juxta
1462 1410 1645 1477 enim
1683 1410 2042 1476 hodiernas
2069 1412 2255 1498 leges
2289 1413 2584 1500 (Rituale

322 1545 711 1602 romanum,
748 1522 855 1589 tit.
900 1545 1001 1605 vl,
1036 1547 1095 1588 c.
1140 1544 1193 1603 1,
1230 1547 1298 1590 n.
1347 1523 1481 1612 18),
1526 1531 1606 1589 ut
1632 1522 1880 1612 aliquis
1919 1525 2111 1590 locus
2141 1526 2231 1590 sit
2259 1535 2460 1612 aptus
2497 1531 2586 1592 ad

320 1637 781 1722 sepulturam,
825 1636 1194 1724 requiritur
1231 1643 1309 1702 ut
1356 1637 1447 1702 sit
1494 1637 1579 1702 ad
1619 1637 1746 1702 hoc
1794 1636 2218 1704 benedictus,
2263 1640 2405 1705 Nec
2444 1641 2584 1705 suf-

322 1751 466 1817 ficit
516 1749 982 1839 simplex'illa
1041 1749 1423 1816 benedictio
1480 1751 1869 1816 invocativa
1919 1750 2256 1839 (Rituale,
2318 1755 2428 1820 tit.
2480 1776 2579 1835 vl,

324 1889 385 1934 c.
436 1887 537 1946 111,
597 1887 667 1930 n.
724 1866 843 1953 12)
894 1887 1101 1952 quam
1162 1864 1477 1930 sacerdos
1524 1865 1796 1953 propria
1861 1867 2264 1932 auctoritate
2325 1868 2587 1933 confert

326 1977 617 2066 singulis
656 1977 859 2044 fossis
897 1984 1017 2043 aut
1069 1977 1431 2068 sepulcris;
1477 1979 1597 2044 sed
1643 1979 2011 2066 requiritur
2047 1979 2164 2046 illa
2204 1980 2586 2046 benedictio

326 2092 801 2172 constitutiva,
866 2115 1015 2180 quae
1068 2092 1146 2158 fit
1200 2092 1606 2158 auctoritate
1658 2093 1990 2181 episcopi,
2057 2101 2125 2159 et
2183 2096 2375 2183 cujus
2413 2096 2586 2161 ritus

326 2205 803 2271 describuntur
839 2205 908 2270 in
948 2206 1337 2291 Pontificali
1374 2212 1492 2272 aut
1524 2207 1809 2272 Rituali.
1843 2205 1848 2210 ’

422 2321 493 2386 30
552 2319 847 2394 Quinam
908 2320 1373 2406 delinquentes
1424 2343 1626 2406 poena
1695 2323 2406 2388 eac-communicationis
2449 2347 2587 2410 pu-

330 2434 635 2498 niantur.
676 2471 765 2482 —
804 2433 1023 2498 Hodie
1062 2457 1201 2498 non
1240 2432 1535 2523 amplius
1580 2433 1935 2499 incurrunt
1985 2436 2159 2501 hanc
2198 2459 2587 2502 excommu-

328 2546 774 2629 nicationem,
833 2546 967 2611 nisi
1024 2548 1419 2641 mandantes
1480 2554 1549 2613 et
1603 2557 1910 2633 eoqentes
1967 2549 2359 2615 haereticum
2412 2552 2588 2616 tradi

330 2661 698 2751 sepulturae
750 2661 1269 2728 ecclesiasticae:
1330 2664 1393 2727 1.
1446 2660 1886 2743 Mandantes,
1940 2662 2010 2726 id
2057 2668 2197 2745 est,
2237 2662 2287 2726 ii
2339 2662 2441 2749 (v.
2487 2688 2584 2751 g.,

331 2775 635 2863 praefecti
672 2773 824 2839 urbi
864 2781 982 2840 aut
1020 2774 1319 2863 oppido),
1353 2774 1471 2862 qui
1510 2782 1786 2839 utentes
1814 2774 1926 2839 vel
1962 2775 2193 2863 potius
2231 2770 2591 2843 abutentes

334 2890 737 2955 auctoritate
800 2888 931 2953 sibi
978 2888 1374 2968 commissa,
1425 2887 1674 2975 jubent
1730 2887 2122 2954 haereticum
2185 2868 2457 2980 sepeliri
2521 2892 2590 2956 in

335 3004 483 3069 loco
526 3022 749 3083 sacro;
787 3040 881 3052 —
912 3003 977 3068 2.
1023 3003 1371 3088 Coqentes,
1416 3002 1485 3066 id
1523 3008 1653 3085 est,
1697 3002 1746 3066 ii
1783 3003 2000 3090 quivi
2037 3004 2150 3069 vel
2180 3011 2369 3070 metu
2401 3006 2594 3091 gravi

334 3116 507 3181 alios
569 3115 821 3202 injuste
895 3116 1229 3181 inducunt
1293 3122 1371 3180 ut
1446 3116 1782 3204 sepeliant
1849 3114 2244 3182 haereticum
2317 3120 2385 3182 in
2444 3119 2592 3183 loco

338 3252 553 3296 sacro,
598 3268 687 3279 —
722 3230 815 3295 Ut
852 3230 1154 3295 incidant
1200 3230 1271 3293 in
1322 3229 1716 3317 praedictam
1772 3252 2078 3317 poenam,
2121 3253 2259 3295 non
2313 3231 2594 3319 requiri-

339 3352 451 3409 tur
490 3343 789 3431 amplius
821 3346 1165 3408 temeritas
1206 3342 1444 3433 (quam
1486 3342 1874 3431 requirebat
1914 3366 2062 3430 cap.
2109 3344 2246 3408 Eos
2293 3345 2448 3431 qui,
2494 3346 2594 3410 DE

340 3478 628 3538 snrcn‘r„
667 3457 955 3545 Clem.);
998 3457 1364 3544 requiritur
1404 3463 1632 3522 tamen
1675 3456 1856 3546 quod
1895 3458 1976 3521 de
2011 3462 2198 3543 facto
2235 3457 2594 3524 haereticus

341 3572 652 3660 sepultus
691 3572 781 3637 sit
819 3571 889 3635 in
929 3572 1079 3636 loco
1120 3594 1334 3636 sacro,
1382 3570 1549 3649 Quae
1597 3578 1918 3637 constant
1967 3594 2052 3636 ex
2090 3572 2348 3658 regulis
2388 3595 2595 3660 gene-

342 3685 599 3751 ralibus
629 3685 712 3751 de
752 3686 1310 3773 interpretatione
1350 3707 1818 3749 censurarum.

438 3913 627 3983 224.
682 3951 771 3963 —
815 3913 1068 3983 Poena
1108 3913 1512 3981 interdicti
1568 3914 1806 3981 certis
1869 3914 1959 3981 in
2014 3913 2366 4001 casibus,
2399 3916 2598 4002 juxta
2657 3874 2664 3881 ³

352 4028 458 4092 Pii
496 4028 589 4092 IX
628 4026 884 4093 bullam
923 4027 1327 4113 Apostolicae
1366 4027 1588 4110 Sedis,
1635 4050 1744 4091 an.
1793 4026 1996 4108 1869,
2051 4028 2148 4091 De
2187 4028 2594 4113 interdictis,

415 4205 433 4239 ¹
470 4204 552 4255 Ita
592 4206 751 4255 multi
795 4209 986 4255 contra
1028 4206 1211 4269 plures
1252 4205 1389 4254 alios
1432 4205 1608 4269 (apud
1651 4204 1796 4263 piat,
1848 4204 2283 4255 Commentarius
2323 4204 2379 4255 in
2425 4208 2595 4257 const.

352 4283 679 4347 Apostolicae
704 4283 885 4341 Sedis,
918 4284 973 4332 in
1004 4284 1146 4333 hunc
1172 4284 1485 4345 articulum,
1509 4282 1766 4341 ‘ron-naci,
1799 4286 1946 4340 1381,
1980 4299 2032 4345 p.
2065 4284 2195 4347 25¹).
