3192 5025
511 503 602 552 DE
643 501 1568 554 IMMUNITATEECCLESIARUM
1607 502 1691 552 AB
1728 503 1957 555 USlBUS
2000 503 2325 555 PROFANJS
2481 499 2544 553 91

279 653 462 729 tem,
505 667 630 710 nec
660 645 803 710 ullo
841 646 1044 711 modo
1083 646 1167 710 ad
1207 645 1595 727 ecclesiam,
1640 670 1707 711 v.
1753 671 1851 733 g.,
1895 669 2039 712 rem
2080 669 2285 734 quam
2322 646 2553 734 priva·-

277 767 396 824 tus
461 782 695 825 secum
755 758 974 824 defert
1030 759 1098 823 in
1151 760 1468 842 ecclesia,
1521 760 1688 848 quid
1745 760 2162 826 dicendum?
2202 799 2291 810 -—
2346 759 2553 824 Multi

279 874 526 939 dicunt
565 873 784 938 furem
842 874 1050 939 etiam
1101 881 1262 939 tunc
1315 882 1584 962 patrare
1640 873 2111 960 sacrilegium,
2171 896 2256 938 ex
2301 871 2551 938 celebri

276 994 486 1054 textu
514 987 795 1053 canonis
829 986 1176 1074 Quisquis,
1210 988 1324 1066 21,
1359 1009 1544 1054 caus,
1581 1009 1745 1070 xvu,
1782 1012 1849 1076 q.
1885 1007 1996 1054 lv:
2032 1015 2063 1048 «
2102 986 2551 1074 Sacrilegium

276 1101 737 1166 committitur
781 1099 1149 1165 auferendo
1206 1123 1478 1166 sacrum
1531 1100 1615 1165 de
1669 1123 1893 1182 sacre,
1938 1100 2051 1165 vel
2100 1124 2233 1166 non
2277 1122 2551 1165 sacrum

276 1215 360 1278 de
397 1237 621 1298 sacro,
665 1215 810 1279 sive
850 1236 1118 1280 sacrum
1157 1213 1241 1280 de
1289 1237 1426 1279 non
1467 1237 1684 1281 sacro,
1732 1242 1765 1276 »
1808 1213 1943 1281 Ubi
1992 1221 2223 1280 autem
2261 1213 2375 1278 lex
2412 1235 2550 1278 non

275 1327 680 1415 distinguit,
751 1350 876 1392 nec
946 1350 1073 1393 nos
1144 1327 1566 1415 distinguere
1642 1327 1993 1394 debemus,
2088 1328 2189 1392 lta
2264 1328 2546 1408 Suarez,

273 1441 696 1529 Schmalzg.,
740 1442 1076 1530 multique
1129 1441 1308 1508 alii1.
1353 1479 1444 1492 —
1485 1441 1629 1506 Alii
1677 1465 1839 1507 vero
1883 1441 2155 1523 dicunt,
2214 1441 2285 1506 in
2326 1441 2550 1507 deter-

275 1555 544 1620 minato
583 1563 817 1622 nostro
856 1577 1052 1638 casu,
1098 1577 1236 1620 non
1276 1555 1615 1621 committi
1654 1555 2123 1642 sacrilegium,
2167 1555 2327 1643 quia
2367 1554 2552 1620 suffi-

275 1669 543 1733 cienter
579 1669 826 1734 satisfit
862 1668 1294 1755 generalitati
1340 1669 1654 1750 canoniS,
1700 1669 1758 1734 si
1804 1668 2071 1735 dicatur
2116 1668 2551 1758 sacrilegium

276 1805 432 1848 esse
488 1782 698 1848 furari
756 1805 866 1848 res
927 1784 1384 1872 privatorum,
1451 1782 1755 1849 ecclesiae
1821 1783 2024 1849 titulo
2087 1784 2373 1870 depositi
2432 1789 2552 1848 aut

269 1898 595 1982 piqnoris
629 1896 947 1963 creditaS.
997 1898 1101 1964 lta
1138 1897 1532 1986 Fagundez,
1576 1919 1733 1963 cum
1770 1897 1923 1962 aliis
1970 1920 2009 1962 a
2056 1920 2129 1963 se
2168 1897 2481 1986 allegatis
2500 1901 2546 1964 ¹.

279 2011 410 2076 Cui
452 2010 755 2098 opinioni
794 2033 874 2076 eo
916 2012 1135 2099 magis
1173 2011 1658 2077 adhaerendum
1695 2018 1862 2098 puto
1911 2010 2096 2100 quod
2140 2029 2157 2077 t
2213 2013 2274 2078 1.
2327 2009 2552 2077 Verba

277 2123 396 2190 cit.
462 2124 744 2190 canonis
793 2132 954 2189 sunt
1005 2124 1395 2213 apocrypha
1418 2125 1476 2205 ³3
1519 2163 1611 2174 --
1647 2124 1715 2189 2.
1774 2123 1853 2188 In
1904 2146 2067 2189 casu
2118 2130 2386 2207 nostro,
2442 2147 2551 2190 res

276 2259 420 2301 non
461 2259 653 2303 sacra
690 2238 920 2326 potius
953 2239 1022 2302 in
1061 2260 1254 2304 sacro
1274 2289 1289 2318 ,
1334 2261 1541 2326 quam
1587 2239 1669 2302 de
1718 2260 1910 2302 sacro
1950 2237 2277 2304 aufertur.
2322 2237 2543 2319 Unde,

275 2351 460 2416 sicut
519 2351 794 2416 mentiri
851 2358 972 2416 aut
1026 2351 1382 2416 detrahere
1446 2351 1516 2415 in
1574 2350 1863 2416 ecclesia
1928 2373 2067 2416 non
2122 2359 2228 2417 est
2278 2350 2552 2416 sacrile-

276 2465 506 2552 gium,
549 2464 645 2530 ita
686 2486 810 2531 nec
850 2463 1058 2531 furari
1095 2488 1239 2532 rem
1280 2464 1635 2553 profanam
1674 2465 1745 2529 in
1783 2464 2093 2531 ecclesia.

367 2692 512 2761 46.
552 2730 640 2741 —
681 2694 1062 2769 Quaenam
1101 2693 1313 2762 aedes
1353 2712 1601 2762 sacrae
1638 2694 1788 2763 hac
1827 2700 2053 2781 parte
2088 2694 2552 2761 immunita-

277 2808 386 2875 tis
425 2806 708 2875 localis
747 2806 1149 2875 fruantur.

371 2923 446 2984 1⁰
495 2919 787 2985 Praefata
835 2921 1266 2986 immunitate
1321 2920 1639 2988 fruuntur
1692 2944 1918 2987 omnes
1970 2921 2251 2987 ecclesiae
2291 2930 2361 2989 et
2398 2942 2550 2985 ora-

284 3035 462 3099 toria
505 3034 823 3119 publica,
867 3034 1028 3099 licet
1080 3034 1388 3099 nondum
1445 3034 1836 3117 benedicta,
1896 3034 2097 3099 modo
2150 3035 2552 3101 auctoritate

282 3148 588 3237 episcopi
625 3148 765 3213 sint
793 3149 880 3214 ad
919 3148 1184 3214 cultum
1224 3148 1534 3215 divinum
1573 3149 1924 3236 deputata.
1959 3188 2048 3199 -
2087 3148 2375 3215 Constat
2405 3156 2552 3214 tum

284 3283 368 3327 ex
406 3261 610 3327 dictis
647 3285 886 3351 supra,
932 3285 999 3327 n.
1047 3262 1192 3349 39,
1229 3302 1320 3312 —
1355 3270 1503 3328 tum
1541 3286 1689 3351 cap.
1734 3261 2078 3345 Ecclesiae,
2123 3264 2196 3343 9,
2244 3263 2344 3327 DE
2392 3282 2546 3329 coN-

285 3396 674 3443 secunlum
709 3396 882 3441 Eccn.
929 3396 944 3443 ε
990 3403 1022 3437 «
1061 3376 1415 3458 Ecclesiae,
1459 3377 1529 3441 in
1569 3399 1703 3464 qua
1742 3377 1971 3441 divina
2011 3377 2335 3463 mysteria
2373 3376 2550 3441 cele-

283 3488 602 3571 brantur,
659 3490 811 3556 licet
856 3490 1081 3555 adhuc
1135 3513 1268 3555 non
1316 3491 1621 3555 extiterit
1674 3500 2090 3574 consecrata,
2148 3490 2339 3555 nullo
2383 3492 2554 3577 jure

275 3605 722 3690 privileqium
774 3605 1226 3669 immunitatis
1273 3605 1648 3689 adimitur;
1695 3604 1855 3692 quia
1912 3606 2250 3691 ohsequiis
2310 3604 2555 3668 divinis

284 3718 624 3801 dedicata,
671 3719 932 3783 nullius
976 3727 1074 3783 est
1124 3719 1503 3783 temerariis
1541 3719 1829 3783 auribus
1866 3718 2332 3804 profananda.
2394 3744 2426 3777 »
2466 3754 2554 3766 —

285 3832 586 3899 Ecclesia
634 3841 865 3899 autem
912 3832 1351 3919 intelligitur,
1395 3854 1534 3897 non
1580 3832 1654 3896 in
1712 3854 1921 3897 sensu
1970 3832 2323 3915 strictiori,
2378 3831 2553 3896 sicut

349 4080 368 4110 ¹
403 4076 484 4125 Cr.
517 4076 742 4135 Sum-ez,
777 4076 876 4126 loc.
908 4074 1022 4136 cit„
1053 4090 1100 4125 c.
1133 4088 1197 4137 v;
1230 4102 1291 4112 —
1321 4075 1640 4139 Schmalzg„
1670 4075 1771 4125 loc.
1805 4075 1917 4135 cit„
1950 4090 2003 4125 n.
2040 4080 2219 4123 70-73.

345 4156 372 4190 ⁸
405 4156 716 4219 Fagundez,
749 4155 849 4204 loc.
877 4154 990 4217 cit„
1019 4157 1160 4217 part.
1193 4154 1271 4213 11,
1303 4154 1400 4203 lib.
1429 4154 1524 4213 lv,
1556 4170 1604 4203 c.
1637 4169 1708 4213 iv,
1743 4169 1795 4203 n.
1828 4160 1874 4203 9.

345 4233 368 4269 ³
404 4232 558 4283 Licet
584 4234 838 4297 quedam
864 4235 1049 4296 partes
1079 4232 1322 4297 ejusdem
1352 4233 1578 4281 canonis
1605 4234 1714 4281 sint
1739 4232 2090 4281 authenticae.
2125 4230 2205 4281 Cr.
2240 4230 2549 4294 Friedberg‚

289 4312 501 4374 Corpus
519 4312 676 4377 juris
705 4310 980 4370 canonici,
1011 4312 1066 4359 in
1097 4312 1241 4360 hunc
1266 4324 1548 4360 canonem.
