3192 5025
611 513 678 566 12
997 528 1004 535 ·
1511 514 1599 563 DE
1637 513 1970 565 licem-:Sus

608 664 839 747 pateat
877 657 1225 740 omnibus,
1269 683 1406 725 non
1453 658 1784 724 aedifficata
1822 668 1929 725 est
1968 659 2101 723 nisi
2148 657 2232 723 ad
2271 658 2570 746 aliquem
2610 656 2867 745 specia—

607 770 747 836 lem
792 792 1027 854 usum,
1079 796 1149 839 v.
1200 798 1298 861 g.,
1343 774 1411 837 in
1460 772 1895 837 commodum
1948 772 2239 860 alicujus
2288 770 2565 837 familiae
2618 770 2728 835 vel
2778 771 2889 835 ad.

609 885 1117 950 venerationem
1158 885 1447 974 alicujus
1485 886 1835 973 imaginis,
1882 885 2353 974 reliquiarum,
2397 890 2558 963 etc.,
2602 890 2671 949 et
2708 907 2867 972 pro-

611 998 801 1081 inde,
846 999 1029 1087 quod
1077 999 1235 1064 huic
1280 1000 1401 1064 fini
1448 1022 1826 1086 congruum
1879 1005 2016 1080 est,
2070 999 2236 1065 satis
2289 999 2601 1086 angustis
2653 998 2865 1062 muris

611 1120 728 1177 aut
764 1112 1135 1200 parietibus
1182 1120 1492 1179 extructa
1541 1119 1679 1195 est,
1723 1112 1897 1177 hanc
1946 1136 2082 1177 non
2131 1113 2506 1195 ecclesiam,
2551 1111 2671 1176 sed
2710 1134 2869 1175 ora-

613 1224 891 1308 torium,
922 1225 1036 1291 vel
1065 1225 1418 1312 capellam,
1453 1247 1813 1306 vocamus;
1850 1248 2243 1314 quanquam
2270 1226 2468 1305 olim,
2504 1233 2580 1290 ut
2607 1224 2865 1289 dictum

611 1345 748 1419 est,
807 1361 1058 1403 nornen
1118 1340 1402 1404 oratorii
1460 1339 1779 1403 omnibus
1838 1339 2047 1403 sacris
2103 1338 2363 1404 aedibus
2425 1338 2659 1402 datum
2708 1336 2861 1403 fuit.

613 1452 940 1532 Econtra,
989 1452 1260 1539 quando
1307 1475 1498 1517 sacra
1537 1452 1719 1517 aedes
1766 1475 1845 1517 eo
1884 1452 2316 1540 potissimum
2364 1452 2497 1515 fine
2536 1450 2867 1517 aedificata

611 1572 719 1630 est
763 1570 842 1629 ut
889 1564 1163 1653 publico
1210 1566 1366 1630 usui
1413 1565 1646 1653 populi
1695 1564 1915 1630 fidelis
1962 1566 2320 1646 inserviat,
2364 1588 2432 1630 v.
2477 1588 2575 1651 g.,
2618 1572 2697 1629 ut
2740 1587 2867 1652 pro

611 1684 755 1743 tota
793 1677 1114 1765 parochia
1152 1677 1502 1759 inserviat,
1547 1679 1657 1743 vel
1696 1685 1774 1743 ut
1812 1680 2115 1743 ecclesia>
2152 1678 2522 1767 parochiali
2561 1677 2869 1743 subsidio

611 1791 734 1873 sit,
776 1791 975 1872 hanc,
1019 1815 1156 1859 non
1197 1794 1613 1877 oratorium,
1658 1794 1779 1859 sed
1818 1793 2160 1857 ecclesiam
2200 1800 2318 1857 aut
2356 1791 2530 1856 forte
2569 1791 2869 1855 ecclesio-

613 1905 782 1988 lam,
827 1912 1075 1970 vocant
1112 1906 1505 1971 canonistae.

698 2018 768 2083 h.
839 2018 944 2083 Ex
1006 2019 1563 2105 Jurisprudentia
1640 2020 1712 2084 S.
1792 2019 2259 2083 Romanarum
2337 2017 2676 2103 Conqreq.
2756 2014 2868 2081 Sic

611 2132 684 2197 S.
721 2130 974 2217 Congr.
1011 2130 1320 2211 Rituum,
1366 2132 1435 2195 in
1474 2133 1929 2215 Suessionen„
1964 2132 2049 2196 22
2080 2131 2238 2218 julii
2280 2129 2477 2213 1855,
2514 2130 2671 2195 huic
2710 2152 2868 2216 spe-

611 2243 766 2308 ciali
814 2244 1147 2331 quaesito:
1203 2272 1234 2304 «
1407 2244 1747 2324 Quaeritur
1800 2245 1964 2333 quid
2022 2244 2545 2331 intelligendum
2602 2242 2692 2307 sit
2746 2265 2866 2331 per

611 2357 954 2421 ecclesiam
997 2364 1066 2423 et
1108 2358 1437 2443 capellam
1470 2358 1859 2444 publicam,
1906 2386 1939 2419 »
1995 2356 2349 2446 respondit
2393 2377 2408 2424 :
2476 2385 2506 2417 «
2560 2355 2867 2421 Ecclesia

612 2469 1018 2558 intelligitur
1063 2494 1214 2558 quae
1262 2495 1335 2537 eo
1374 2472 1813 2558 potissimum
1857 2474 1993 2557 sine
2043 2472 2420 2557 aedificatur
2469 2478 2543 2536 ut
2586 2469 2869 2556 publico

609 2585 830 2669 fidelis
873 2585 1117 2672 populi
1181 2587 1335 2650 usui
1397 2586 1714 2650 inserviat
1729 2604 1759 2668 ,⁰
1818 2585 2079 2672 capella
2132 2584 2402 2672 publica
2463 2607 2625 2649 vero
2677 2606 2863 2673 quae,

609 2697 772 2763 licet
808 2697 1194 2784 ingressum
1244 2698 1490 2764 habeat
1539 2699 1609 2763 in
1661 2697 1937 2786 publica
1986 2699 2132 2779 via,
2186 2705 2491 2762 attamen
2540 2719 2675 2762 non
2726 2703 2864 2760 tam

609 2811 829 2895 fidelia
857 2813 1102 2896 populi
1153 2812 1362 2877 libero
1415 2813 1566 2876 usui
1606 2811 1937 2876 destinata
1985 2812 2275 2895 videtur,
2320 2834 2531 2897 quam
2568 2810 2867 2896 alicujus

608 2924 892 3007 familiae
931 2925 1033 2989 vel
1068 2924 1334 3010 colleqii
1370 2925 1899 2990 commoditati¹.
1950 2953 1981 2984 »

703 3033 1022 3099 Ceterum
1088 3059 1224 3100 non
1291 3037 1466 3102 tanti
1524 3037 1927 3124 plerumque
1997 3037 2283 3102 interest
2348 3036 2707 3102 ecclesiam
2778 3033 2869 3099 ab

612 3148 904 3213 oratorio
956 3146 1228 3236 publico
1283 3149 1698 3231 discernere,
1758 3149 1918 3236 quia
1968 3150 2308 3238 pleraeque
2360 3149 2549 3236 leges
2596 3147 2867 3236 utrique

611 3283 816 3326 sacrae
854 3261 985 3326 aedi
1021 3268 1184 3326 sunt
1219 3285 1640 3328 communeS.

701 3376 774 3441 30
823 3375 1039 3439 Variae
1075 3377 1319 3460 species
1355 3376 1787 3441 ecclesiarum
1817 3399 1841 3442 .·

699 3510 762 3552 a.
833 3488 1136 3553 Basilicae
1199 3494 1532 3553 vocantur
1606 3496 1898 3577 quatuor
1970 3487 2483 3578 principaliores
2564 3486 2868 3566 ecclesiae

611 3601 846 3665 Romae
909 3608 1254 3682 extante3‚
1317 3601 1633 3689 plurimis
1690 3601 2063 3667 honoribus
2115 3600 2380 3683 ditatae,
2441 3600 2527 3665 ad
2579 3622 2865 3689 quarum

611 3712 825 3778 instar
871 3714 1020 3778 aliae
1074 3714 1283 3779 etiam
1335 3714 1671 3796 ecclesiae,
1720 3715 1863 3780 sive
1914 3715 2180 3795 Romae,
2224 3713 2369 3778 sive
2418 3712 2580 3779 alibi
2625 3719 2865 3777 erectae

611 3826 850 3891 eodem
887 3827 1161 3892 nomine
1208 3827 1460 3914 pariter
1499 3827 1829 3893 decoratae
1876 3834 2071 3910 sunt,
2114 3835 2191 3893 ut
2236 3825 2413 3891 infra
2460 3833 2863 3914 exponetur.

700 3940 768 4003 h.
814 3939 1118 4005 Ecclesia
1173 3940 1585 4005 cathedralis
1647 3963 1726 4005 ea
1780 3948 1886 4006 est
1947 3963 2096 4027 quae.
2159 3939 2354 4005 sedes
2412 3945 2515 4004 est
2576 3937 2867 4025 alicujus

610 4051 795 4117 tituli
824 4051 1260 4140 episcopalis;
1296 4075 1447 4141 quae
1475 4061 1759 4118 vocatur
1796 4054 2000 4119 etiam
2033 4054 2575 4138 metropolitana,
2602 4052 2865 4138 prima-

601 4361 608 4366 ,
672 4310 689 4343 ¹
728 4311 1049 4372 Gardellini,
1083 4313 1166 4362 ed.
1199 4317 1268 4372 3⁸,
1297 4322 1357 4360 n0
1383 4317 1530 4372 5215,
1563 4313 1716 4372 ad·3;
1752 4313 1967 4374 Romae,
1997 4317 2147 4372 1858,
2180 4315 2218 4360 t.
2252 4328 2325 4372 tv,
2353 4327 2407 4375 p.
2440 4318 2545 4362 186.
