3192 5025
653 498 760 550 242
1227 496 1314 547 DE
1351 495 1783 547 COEMETERns
1822 496 1903 545 ET
1944 493 2350 545 SEPULTURlS

659 651 731 707 ut
767 643 856 707 sit
893 641 1345 706 benedictum.
1397 678 1486 689 ——
1533 638 1825 704 Constat
1871 643 2019 701 tum
2071 638 2547 723 antiquissima
2598 638 2901 703 Ecclesiae

652 755 1168 836 consuetudine,
1213 753 1297 819 de
1336 777 1468 842 qua
1508 776 1713 841 supra
1751 751 2009 817 dictum
2050 758 2155 817 est
2197 752 2301 840 (n.
2352 752 2587 841 139);
2634 791 2725 801 -
2761 758 2901 816 tum

650 876 987 958 praecepto
1035 891 1355 957 expresso
1405 866 1701 932 Ritualis
1751 865 2047 949 romani,
2106 866 2209 931 tit.
2272 886 2371 946 νι,
2424 889 2483 931 c.
2536 886 2591 947 1,
2634 889 2706 930 n.
2766 864 2897 932 18:

649 1012 681 1044 «
748 983 1066 1049 Ceterum
1154 1003 1346 1046 nemo
1410 981 1827 1045 christianus
1910 980 1981 1044 ἰη
2054 980 2523 1044 communione
2596 980 2905 1065 fidelium

645 1099 1042 1183 defunctus,
1094 1104 1288 1161 eaetra
1341 1094 1717 1178 ecclesiam,
1770 1102 1893 1158 aut
1944 1096 2399 1158 coemeterium
2456 1094 2585 1157 rite
2630 1094 2907 1157 benedi-

644 1220 830 1276 ctum
887 1211 1159 1297 sepeliri
1218 1210 1456 1291 debet;
1505 1209 1629 1273 sed
1685 1208 1741 1271 si
1802 1207 2175 1273 necessitas
2237 1215 2470 1295 cogat,
2526 1230 2612 1272 ex
2675 1206 2907 1295 aliquo

643 1332 924 1405 eventu,
971 1323 1334 1412 aliquando
1375 1322 1461 1386 ad
1498 1328 1771 1410 tempus
1811 1321 2010 1387 aliter
2049 1322 2225 1403 fieri,
2261 1329 2559 1403 curetur,
2594 1328 2698 1405 ut,
2734 1344 2906 1409 qua-

639 1446 842 1505 tenus
889 1438 1032 1504 sieri
1080 1436 1360 1527 poterit,
1405 1458 1650 1524 corpus
1697 1436 1767 1500 in
1817 1435 2045 1500 locum
2093 1458 2360 1501 sacrum
2397 1435 2903 1524 quamprimum

637 1552 1119 1631 transferatur;
1175 1558 1244 1615 et
1295 1550 1567 1615 interim
1620 1572 1888 1638 semper
1940 1572 2103 1614 crux
2156 1549 2362 1637 capiti
2414 1549 2600 1615 illius
2649 1548 2903 1637 apponi

636 1667 870 1747 debet,
925 1666 1011 1730 ad
1057 1664 1576 1751 significandum
1628 1662 1824 1728 illum
1871 1663 1941 1728 in
1989 1663 2262 1729 Christo
2312 1663 2677 1751 quievisse.
2730 1690 2761 1723 >³
2810 1702 2903 1711 —

635 1782 789 1847 Non
849 1779 1214 1867 requiritur
1275 1786 1503 1843 tamen
1567 1776 1939 1842 solemnior
1997 1777 2416 1861 benedictio,
2488 1800 2609 1842 seu
2668 1799 2901 1843 conse-

633 1894 881 1977 oratic,
935 1893 1056 1958 sed
1109 1891 1360 1957 sufficit
1413 1890 1705 1980 simplex
1756 1892 2163 1975 benedictio,
2216 1892 2412 1978 cujus
2458 1892 2633 1955 ritus
2684 1914 2901 1979 expo-—

640 2014 895 2072 nuntur
933 2006 1002 2071 in
1043 2006 1303 2070 Rimata·
1344 2027 1658 2089 romano,
1705 2006 1811 2071 tit.
1857 2026 2005 2086 v111,
2049 2028 2107 2070 c.
2154 2026 2347 2070 xxm.

721 2120 789 2185 2⁰
819 2120 1216 2205 Difficultas
1246 2119 1646 2184 observandi
1666 2120 2075 2205 praedictum
2098 2127 2515 2205 praeceptum
2544 2120 2901 2205 aliquibus

631 2236 700 2299 ἰη
742 2235 921 2300 loci-3.
958 2273 1046 2283 —
1083 2234 1207 2300 Jus
1245 2232 1521 2321 quidem
1561 2234 1875 2297 strictum
1914 2231 2119 2298 habet
2156 2233 2485 2315 Ecclesia,
2529 2239 2609 2299 ut
2646 2232 2900 2300 habeat

583 2408 594 2419 ,
626 2372 748 2437 pro
789 2346 1198 2436 sepeliendis
1237 2344 1560 2410 membris
1602 2346 1743 2409 suis
1774 2344 2239 2410 coemeterium
2278 2352 2701 2434 separatum,
2743 2354 2893 2427 aut,

626 2464 684 2529 si
724 2484 860 2527 non
902 2461 1082 2528 adsit
1128 2460 1260 2525 nisi
1306 2482 1521 2525 unum
1559 2459 2056 2540 coemeterium‚
2100 2466 2179 2524 ut
2218 2460 2286 2524 in
2328 2460 2453 2525 hoc
2502 2460 2897 2526 coemeterio

626 2599 782 2665 pars
821 2576 1081 2663 aliqua,
1127 2599 1164 2639 a
1201 2574 1464 2662 reliquo
1503 2573 1894 2638 coemeterio
1934 2575 2367 2639 convenienti
2403 2575 2608 2639 modo
2648 2575 2897 2640 distin-

626 2698 734 2756 cta
775 2696 843 2756 et
883 2695 1216 2778 separata,
1253 2687 1356 2752 illi
1393 2693 1738 2752 reservata
1778 2687 1889 2752 sit.
1926 2686 2180 2751 Verum
2211 2686 2522 2776 pluribus
2561 2689 2635 2752 in
2672 2689 2893 2776 regio—

625 2802 851 2884 nibuS,
896 2827 961 2867 v.
1007 2825 1105 2889 g.‚
1150 2803 1219 2866 in
1259 2801 1509 2882 Gallia,
1554 2801 1680 2865 hoc
1712 2800 1828 2888 jus
1869 2800 2189 2865 Ecclesiae
2230 2801 2631 2889 denegatur,
2675 2803 2771 2867 ita
2812 2809 2894 2868 ut

627 2915 1014 2981 coemeteria
1045 2915 1184 2979 sint
1215 2914 1493 2979 omnino
1525 2913 1652 2978 sub
1682 2914 1837 3001 jure
1869 2914 2293 2980 auctoritatis
2332 2915 2555 2980 civilis
2595 2923 2665 2981 et
2702 2917 2894 2981 adhi-

625 3029 771 3094 beri
818 3027 1111 3094 debeant
1159 3027 1246 3091 ad
1294 3027 1719 3115 sepulturam
1767 3029 2167 3115 quorumvis
2216 3028 2505 3111 civium,
2550 3029 2699 3094 sine
2744 3030 2892 3095 ulla

627 3143 1054 3231 separatione
1092 3164 1214 3228 pro
1257 3139 1545 3205 diversis
1585 3138 1904 3206 cultibus,
1943 3139 2094 3218 Quo
2122 3142 2374 3230 posito,
2408 3142 2479 3206 in
2518 3143 2602 3208 iis
2641 3143 2891 3208 saltem

627 3255 1021 3321 civitatibus
1063 3262 1130 3319 et
1168 3254 1470 3343 oppidis,
1515 3253 1584 3317 in
1625 3253 1875 3341 quibus
1924 3261 2085 3319 sunt
2122 3255 2375 3320 diversi
2415 3257 2666 3340 cultus,
2710 3257 2891 3322 diffi-

626 3370 774 3434 cilis
823 3369 1050 3434 evadit
1105 3367 1489 3433 observatio
1549 3368 1869 3456 praecepti
1917 3366 2412 3434 benedictionis
2460 3371 2893 3437 coemeterio-

625 3507 812 3565 rum,
883 3491 1030 3549 tum
1097 3481 1254 3570 quia
1322 3480 1611 3546 facultas
1676 3479 2121 3546 benedicendi
2189 3484 2487 3548 recusari
2550 3494 2787 3572 posset
2850 3509 2891 3551 a

627 3605 967 3686 potestate
1016 3595 1236 3676 civili,
1289 3595 1359 3658 vi
1406 3594 1724 3683 praetensi
1788 3594 2103 3683 principii
2158 3597 2254 3661 sic
2312 3597 2511 3662 dictae
2555 3599 2895 3665 libertatis

629 3713 966 3797 cultuum,
1003 3720 1148 3778 tum
1190 3711 1372 3800 quia,
1411 3711 1468 3775 si
1507 3709 2023 3776 benediceretur
2061 3713 2551 3795 coemeterium,
2585 3714 2891 3780 Ecclesia

628 3824 712 3890 ab
752 3826 880 3891 hoc
918 3826 1067 3891 loco
1116 3825 1471 3891 benedicto
1510 3832 1859 3891 teneretur
1906 3848 2132 3891 arcere
2171 3848 2453 3915 corpora
2500 3828 2895 3895 schismati·

627 3963 893 4022 corum,
929 3939 1439 4039 haereticorum!
1469 3947 1599 4006 etc,
1638 3940 1848 4028 (quod
1887 3941 2213 4028 consequi
2251 3964 2389 4006 non
2416 3945 2707 4032 posset),
2742 3951 2893 4009 tum

626 4055 785 4142 quia
823 4053 1286 4119 coemeterium
1335 4050 1704 4117 obnoxium
1752 4060 1935 4118 esset
1981 4053 2451 4143 frequentibus
2487 4056 2893 4145 pollutioni-

625 4165 776 4232 bus.
821 4166 1048 4247 Unde,
1094 4166 1161 4230 in
1209 4165 1317 4230 his
1363 4164 1568 4247 lociS,
1621 4167 2086 4233 coemeterium
2132 4190 2272 4233 non
2319 4168 2770 4252 benedicitur,
2816 4179 2887 4236 et

625 4286 932 4345 remanet
966 4279 1155 4343 locus
1193 4278 1539 4367 profanus,
1587 4279 1689 4344 De
1729 4303 1863 4368 quo
1902 4281 2202 4347 notanda
2243 4283 2371 4348 tria
2408 4301 2425 4349 τ
