<?xml version="1.0" encoding="UTF-8"?>
<!DOCTYPE html PUBLIC "-//W3C//DTD XHTML 1.0 Transitional//EN"
    "http://www.w3.org/TR/xhtml1/DTD/xhtml1-transitional.dtd">
<html xmlns="http://www.w3.org/1999/xhtml" xml:lang="en" lang="en">
 <head>
  <title>
</title>
<meta http-equiv="Content-Type" content="text/html;charset=utf-8" />
  <meta name='ocr-system' content='tesseract 3.04.00' />
  <meta name='ocr-capabilities' content='ocr_page ocr_carea ocr_par ocr_line ocrx_word'/>
</head>
<body>
  <div class='ocr_page' id='page_1' title='image "./praelectionesde02manygoog_0350.png"; bbox 0 0 3192 5025; ppageno 0'>
   <div class='ocr_carea' id='block_1_1' title="bbox 676 451 2372 504">
    <p class='ocr_par' dir='ltr' id='par_1_1' title="bbox 676 451 2372 504">
     <span class='ocr_line' id='line_1_1' title="bbox 676 451 2372 504; baseline -0.002 0"><span class='ocrx_word' id='word_1_1' title='bbox 676 451 783 504; x_wconf 71' lang='lat'>334</span> <span class='ocrx_word' id='word_1_2' title='bbox 1248 453 1337 502; x_wconf 90' lang='lat' dir='ltr'>DE</span> <span class='ocrx_word' id='word_1_3' title='bbox 1374 451 1810 502; x_wconf 77' lang='lat' dir='ltr'>COEMETERHS</span> <span class='ocrx_word' id='word_1_4' title='bbox 1849 451 1932 502; x_wconf 85' lang='lat' dir='ltr'>ET</span> <span class='ocrx_word' id='word_1_5' title='bbox 1969 451 2372 503; x_wconf 78' lang='lat' dir='ltr'><strong>SEPULTURIS</strong></span> 
     </span>
    </p>
   </div>
   <div class='ocr_carea' id='block_1_2' title="bbox 680 595 2924 684">
    <p class='ocr_par' dir='ltr' id='par_1_2' title="bbox 680 595 2924 684">
     <span class='ocr_line' id='line_1_2' title="bbox 680 595 2924 684; baseline -0.001 -22"><span class='ocrx_word' id='word_1_6' title='bbox 680 603 813 680; x_wconf 86' lang='lat' dir='ltr'>tur,</span> <span class='ocrx_word' id='word_1_7' title='bbox 858 596 1049 663; x_wconf 87' lang='lat' dir='ltr'>nullo</span> <span class='ocrx_word' id='word_1_8' title='bbox 1088 595 1290 661; x_wconf 91' lang='lat' dir='ltr'>modo</span> <span class='ocrx_word' id='word_1_9' title='bbox 1328 595 1613 684; x_wconf 81' lang='lat' dir='ltr'>requiri,</span> <span class='ocrx_word' id='word_1_10' title='bbox 1657 602 1736 660; x_wconf 89' lang='lat' dir='ltr'>ut</span> <span class='ocrx_word' id='word_1_11' title='bbox 1774 595 1844 659; x_wconf 88' lang='lat' dir='ltr'>in</span> <span class='ocrx_word' id='word_1_12' title='bbox 1883 596 2268 661; x_wconf 84' lang='lat' dir='ltr'>coemeterio</span> <span class='ocrx_word' id='word_1_13' title='bbox 2321 595 2668 660; x_wconf 88' lang='lat' dir='ltr'>communi</span> <span class='ocrx_word' id='word_1_14' title='bbox 2705 596 2924 661; x_wconf 89' lang='lat' dir='ltr'>locum</span> 
     </span>
    </p>
   </div>
   <div class='ocr_carea' id='block_1_3' title="bbox 678 708 2920 911">
    <p class='ocr_par' dir='ltr' id='par_1_3' title="bbox 678 708 2920 911">
     <span class='ocr_line' id='line_1_3' title="bbox 678 708 2445 800; baseline -0.001 -24"><span class='ocrx_word' id='word_1_15' title='bbox 678 718 1065 800; x_wconf 88' lang='lat' dir='ltr'>separatum</span> <span class='ocrx_word' id='word_1_16' title='bbox 1104 711 1440 798; x_wconf 86' lang='lat' dir='ltr'>acquirat,</span> <span class='ocrx_word' id='word_1_17' title='bbox 1484 711 1555 773; x_wconf 91' lang='lat' dir='ltr'>in</span> <span class='ocrx_word' id='word_1_18' title='bbox 1592 733 1728 797; x_wconf 89' lang='lat' dir='ltr'>quo</span> <span class='ocrx_word' id='word_1_19' title='bbox 1768 708 2053 797; x_wconf 87' lang='lat' dir='ltr'>sepeliat</span> <span class='ocrx_word' id='word_1_20' title='bbox 2091 709 2445 796; x_wconf 80' lang='lat' dir='ltr'>eligentes,</span> 
     </span>
     <span class='ocr_line' id='line_1_4' title="bbox 768 823 2920 911; baseline 0.001 -23"><span class='ocrx_word' id='word_1_21' title='bbox 768 827 811 890; x_wconf 86' lang='grc' dir='ltr'>ι’.</span> <span class='ocrx_word' id='word_1_22' title='bbox 846 825 923 888; x_wconf 89' lang='lat' dir='ltr'>In</span> <span class='ocrx_word' id='word_1_23' title='bbox 952 825 1341 890; x_wconf 77' lang='lat' dir='ltr'>Ariminen.</span> <span class='ocrx_word' id='word_1_24' title='bbox 1350 875 1372 908; x_wconf 85' lang='lat'>,</span> <span class='ocrx_word' id='word_1_25' title='bbox 1404 823 1784 907; x_wconf 79' lang='lat' dir='ltr'><strong><em>Funerum,</em></strong></span> <span class='ocrx_word' id='word_1_26' title='bbox 1815 823 1903 887; x_wconf 83' lang='lat'>22</span> <span class='ocrx_word' id='word_1_27' title='bbox 1923 847 2080 910; x_wconf 84' lang='lat' dir='ltr'>aug.</span> <span class='ocrx_word' id='word_1_28' title='bbox 2113 823 2285 890; x_wconf 84' lang='lat'>1885</span> <span class='ocrx_word' id='word_1_29' title='bbox 2313 832 2381 889; x_wconf 87' lang='lat' dir='ltr'>et</span> <span class='ocrx_word' id='word_1_30' title='bbox 2411 824 2495 892; x_wconf 87' lang='lat'>23</span> <span class='ocrx_word' id='word_1_31' title='bbox 2517 825 2662 911; x_wconf 88' lang='lat' dir='ltr'>jan.</span> <span class='ocrx_word' id='word_1_32' title='bbox 2696 824 2920 890; x_wconf 82' lang='lat'>1886¹.</span> 
     </span>
    </p>
   </div>
   <div class='ocr_carea' id='block_1_4' title="bbox 664 937 3012 1480">
    <p class='ocr_par' dir='ltr' id='par_1_4' title="bbox 664 937 3012 1366">
     <span class='ocr_line' id='line_1_5' title="bbox 681 937 3012 1026; baseline 0 -24"><span class='ocrx_word' id='word_1_33' title='bbox 681 940 757 1002; x_wconf 90' lang='lat' dir='ltr'>In</span> <span class='ocrx_word' id='word_1_34' title='bbox 822 939 949 1003; x_wconf 93' lang='lat' dir='ltr'>hac</span> <span class='ocrx_word' id='word_1_35' title='bbox 998 939 1299 1003; x_wconf 89' lang='lat' dir='ltr'>decisum</span> <span class='ocrx_word' id='word_1_36' title='bbox 1350 944 1488 1019; x_wconf 90' lang='lat' dir='ltr'>est,</span> <span class='ocrx_word' id='word_1_37' title='bbox 1532 937 1857 1004; x_wconf 89' lang='lat' dir='ltr'>ecclesias</span> <span class='ocrx_word' id='word_1_38' title='bbox 1914 961 2053 1002; x_wconf 91' lang='lat' dir='ltr'>non</span> <span class='ocrx_word' id='word_1_39' title='bbox 2089 938 2542 1026; x_wconf 82' lang='lat' dir='ltr'>parochiales,</span> <span class='ocrx_word' id='word_1_40' title='bbox 2601 937 2926 1003; x_wconf 87' lang='lat' dir='ltr'>habentes</span> <span class='ocrx_word' id='word_1_41' title='bbox 3005 1013 3012 1020; x_wconf 82' lang='lat'><strong><em>.</em></strong></span> 
     </span>
     <span class='ocr_line' id='line_1_6' title="bbox 674 1052 2924 1140; baseline -0 -23"><span class='ocrx_word' id='word_1_42' title='bbox 674 1053 985 1140; x_wconf 88' lang='lat' dir='ltr'>sepulcra</span> <span class='ocrx_word' id='word_1_43' title='bbox 1024 1052 1361 1139; x_wconf 85' lang='lat' dir='ltr'>gentilitia</span> <span class='ocrx_word' id='word_1_44' title='bbox 1382 1101 1399 1132; x_wconf 91' lang='lat'>,</span> <span class='ocrx_word' id='word_1_45' title='bbox 1444 1052 1675 1116; x_wconf 89' lang='lat' dir='ltr'>omnia</span> <span class='ocrx_word' id='word_1_46' title='bbox 1713 1075 1837 1117; x_wconf 87' lang='lat' dir='ltr'>sua</span> <span class='ocrx_word' id='word_1_47' title='bbox 1866 1053 2022 1140; x_wconf 90' lang='lat' dir='ltr'>jura</span> <span class='ocrx_word' id='word_1_48' title='bbox 2061 1075 2364 1132; x_wconf 84' lang='lat' dir='ltr'>servare,</span> <span class='ocrx_word' id='word_1_49' title='bbox 2413 1079 2446 1111; x_wconf 87' lang='lat'>«</span> <span class='ocrx_word' id='word_1_50' title='bbox 2489 1053 2635 1117; x_wconf 87' lang='lat' dir='ltr'>sive</span> <span class='ocrx_word' id='word_1_51' title='bbox 2677 1052 2924 1117; x_wconf 86' lang='lat' dir='ltr'>familia</span> 
     </span>
     <span class='ocr_line' id='line_1_7' title="bbox 674 1167 2922 1252; baseline -0 -21"><span class='ocrx_word' id='word_1_52' title='bbox 674 1190 811 1232; x_wconf 90' lang='lat' dir='ltr'>non</span> <span class='ocrx_word' id='word_1_53' title='bbox 877 1167 1147 1246; x_wconf 82' lang='lat' dir='ltr'>emerit,</span> <span class='ocrx_word' id='word_1_54' title='bbox 1206 1167 1309 1230; x_wconf 86' lang='lat' dir='ltr'>vel</span> <span class='ocrx_word' id='word_1_55' title='bbox 1362 1167 1567 1230; x_wconf 80' lang='lat' dir='ltr'>etiam</span> <span class='ocrx_word' id='word_1_56' title='bbox 1631 1167 1690 1232; x_wconf 79' lang='grc' dir='ltr'>.ςὶ</span> <span class='ocrx_word' id='word_1_57' title='bbox 1754 1167 1995 1230; x_wconf 78' lang='lat' dir='ltr'>emerit</span> <span class='ocrx_word' id='word_1_58' title='bbox 2055 1167 2504 1252; x_wconf 74' lang='lat' dir='ltr'>sepulcralem</span> <span class='ocrx_word' id='word_1_59' title='bbox 2569 1189 2807 1231; x_wconf 81' lang='lat' dir='ltr'>arcam</span> <span class='ocrx_word' id='word_1_60' title='bbox 2863 1169 2922 1230; x_wconf 82' lang='lat' dir='ltr'>in</span> 
     </span>
     <span class='ocr_line' id='line_1_8' title="bbox 664 1280 1505 1366; baseline -0.007 -21"><span class='ocrx_word' id='word_1_61' title='bbox 664 1281 944 1366; x_wconf 82' lang='lat' dir='ltr'>publico</span> <span class='ocrx_word' id='word_1_62' title='bbox 982 1280 1355 1344; x_wconf 81' lang='lat' dir='ltr'>coemeterio</span> <span class='ocrx_word' id='word_1_63' title='bbox 1378 1281 1423 1344; x_wconf 80' lang='lat'>¹.</span> <span class='ocrx_word' id='word_1_64' title='bbox 1474 1307 1505 1340; x_wconf 88' lang='lat'>»</span> 
     </span>
    </p>

    <p class='ocr_par' dir='ltr' id='par_1_5' title="bbox 760 1393 2928 1480">
     <span class='ocr_line' id='line_1_9' title="bbox 760 1393 2928 1480; baseline -0 -21"><span class='ocrx_word' id='word_1_65' title='bbox 760 1395 835 1459; x_wconf 82' lang='lat'>20</span> <span class='ocrx_word' id='word_1_66' title='bbox 878 1395 1018 1459; x_wconf 88' lang='lat' dir='ltr'>Pro</span> <span class='ocrx_word' id='word_1_67' title='bbox 1086 1395 1343 1480; x_wconf 72' lang='lat' dir='ltr'>Conqr.</span> <span class='ocrx_word' id='word_1_68' title='bbox 1408 1393 1906 1479; x_wconf 76' lang='lat' dir='ltr'>Episcoporum</span> <span class='ocrx_word' id='word_1_69' title='bbox 1959 1403 2022 1459; x_wconf 79' lang='lat' dir='ltr'>et</span> <span class='ocrx_word' id='word_1_70' title='bbox 2077 1395 2572 1480; x_wconf 73' lang='lat' dir='ltr'>Reqularium;</span> <span class='ocrx_word' id='word_1_71' title='bbox 2639 1395 2928 1460; x_wconf 84' lang='lat' dir='ltr'>sufficiat</span> 
     </span>
    </p>
   </div>
   <div class='ocr_carea' id='block_1_5' title="bbox 673 1508 2926 1706">
    <p class='ocr_par' dir='ltr' id='par_1_6' title="bbox 673 1508 2926 1706">
     <span class='ocr_line' id='line_1_10' title="bbox 673 1508 2378 1597; baseline 0 -23"><span class='ocrx_word' id='word_1_72' title='bbox 673 1509 965 1597; x_wconf 82' lang='lat' dir='ltr'>allegare</span> <span class='ocrx_word' id='word_1_73' title='bbox 1005 1509 1177 1574; x_wconf 88' lang='lat' dir='ltr'>duas</span> <span class='ocrx_word' id='word_1_74' title='bbox 1214 1509 1589 1595; x_wconf 73' lang='lat' dir='ltr'>praecipuas</span> <span class='ocrx_word' id='word_1_75' title='bbox 1629 1531 1868 1572; x_wconf 78' lang='lat' dir='ltr'><strong>causas</strong></span> <span class='ocrx_word' id='word_1_76' title='bbox 1915 1508 2328 1574; x_wconf 83' lang='lat' dir='ltr'>recentiores</span> <span class='ocrx_word' id='word_1_77' title='bbox 2363 1528 2378 1574; x_wconf 92' lang='lat'><strong>:</strong></span> 
     </span>
     <span class='ocr_line' id='line_1_11' title="bbox 760 1618 2926 1706; baseline -0 -21"><span class='ocrx_word' id='word_1_78' title='bbox 760 1644 821 1685; x_wconf 82' lang='lat' dir='ltr'>a.</span> <span class='ocrx_word' id='word_1_79' title='bbox 869 1618 948 1684; x_wconf 92' lang='lat' dir='ltr'>ln</span> <span class='ocrx_word' id='word_1_80' title='bbox 986 1641 1155 1698; x_wconf 89' lang='lat' dir='ltr'>una,</span> <span class='ocrx_word' id='word_1_81' title='bbox 1197 1619 1389 1684; x_wconf 71' lang='lat' dir='ltr'>Juris</span> <span class='ocrx_word' id='word_1_82' title='bbox 1426 1620 1840 1703; x_wconf 77' lang='lat' dir='ltr'>funerandi,</span> <span class='ocrx_word' id='word_1_83' title='bbox 1885 1618 1925 1683; x_wconf 88' lang='grc'><strong>6</strong></span> <span class='ocrx_word' id='word_1_84' title='bbox 1963 1619 2125 1684; x_wconf 89' lang='lat' dir='ltr'>maii</span> <span class='ocrx_word' id='word_1_85' title='bbox 2167 1619 2365 1701; x_wconf 82' lang='lat'>1870,</span> <span class='ocrx_word' id='word_1_86' title='bbox 2412 1619 2590 1684; x_wconf 87' lang='lat' dir='ltr'>inter</span> <span class='ocrx_word' id='word_1_87' title='bbox 2627 1619 2926 1706; x_wconf 82' lang='lat' dir='ltr'>Regula-</span> 
     </span>
    </p>
   </div>
   <div class='ocr_carea' id='block_1_6' title="bbox 652 1731 2926 4103">
    <p class='ocr_par' dir='ltr' id='par_1_7' title="bbox 664 1731 2926 2369">
     <span class='ocr_line' id='line_1_12' title="bbox 669 1731 2926 1821; baseline -0 -23"><span class='ocrx_word' id='word_1_88' title='bbox 669 1756 779 1798; x_wconf 88' lang='lat' dir='ltr'>res</span> <span class='ocrx_word' id='word_1_89' title='bbox 839 1741 909 1798; x_wconf 92' lang='lat' dir='ltr'>et</span> <span class='ocrx_word' id='word_1_90' title='bbox 962 1732 1331 1821; x_wconf 90' lang='lat' dir='ltr'>parochum</span> <span class='ocrx_word' id='word_1_91' title='bbox 1358 1734 1404 1796; x_wconf 79' lang='lat'>³.</span> <span class='ocrx_word' id='word_1_92' title='bbox 1458 1731 1537 1796; x_wconf 91' lang='lat' dir='ltr'>In</span> <span class='ocrx_word' id='word_1_93' title='bbox 1588 1732 1715 1797; x_wconf 90' lang='lat' dir='ltr'>hac</span> <span class='ocrx_word' id='word_1_94' title='bbox 1763 1755 1968 1798; x_wconf 88' lang='lat' dir='ltr'>causa</span> <span class='ocrx_word' id='word_1_95' title='bbox 2016 1733 2318 1798; x_wconf 84' lang='lat' dir='ltr'>decisum</span> <span class='ocrx_word' id='word_1_96' title='bbox 2369 1739 2506 1814; x_wconf 88' lang='lat' dir='ltr'>est,</span> <span class='ocrx_word' id='word_1_97' title='bbox 2552 1733 2926 1820; x_wconf 79' lang='lat' dir='ltr'>Regulares</span> 
     </span>
     <span class='ocr_line' id='line_1_13' title="bbox 669 1847 2925 1935; baseline -0.001 -23"><span class='ocrx_word' id='word_1_98' title='bbox 669 1848 955 1935; x_wconf 87' lang='lat' dir='ltr'>alicujus</span> <span class='ocrx_word' id='word_1_99' title='bbox 996 1853 1375 1912; x_wconf 86' lang='lat' dir='ltr'>conventus</span> <span class='ocrx_word' id='word_1_100' title='bbox 1414 1847 1648 1911; x_wconf 89' lang='lat' dir='ltr'>omnia</span> <span class='ocrx_word' id='word_1_101' title='bbox 1683 1869 1806 1912; x_wconf 89' lang='lat' dir='ltr'>sua</span> <span class='ocrx_word' id='word_1_102' title='bbox 1835 1848 2024 1934; x_wconf 86' lang='lat' dir='ltr'>jura,</span> <span class='ocrx_word' id='word_1_103' title='bbox 2079 1848 2342 1913; x_wconf 86' lang='lat' dir='ltr'>ratione</span> <span class='ocrx_word' id='word_1_104' title='bbox 2389 1848 2532 1912; x_wconf 83' lang='lat' dir='ltr'>sive</span> <span class='ocrx_word' id='word_1_105' title='bbox 2573 1847 2925 1912; x_wconf 76' lang='lat' dir='ltr'>electionis</span> 
     </span>
     <span class='ocr_line' id='line_1_14' title="bbox 666 1960 2920 2050; baseline -0.001 -24"><span class='ocrx_word' id='word_1_106' title='bbox 666 1963 988 2050; x_wconf 81' lang='lat' dir='ltr'>passivae,</span> <span class='ocrx_word' id='word_1_107' title='bbox 1050 1962 1193 2026; x_wconf 83' lang='lat' dir='ltr'>sive</span> <span class='ocrx_word' id='word_1_108' title='bbox 1258 1961 1551 2048; x_wconf 88' lang='lat' dir='ltr'>sepulcri</span> <span class='ocrx_word' id='word_1_109' title='bbox 1626 1960 1980 2048; x_wconf 84' lang='lat' dir='ltr'>gentilitii,</span> <span class='ocrx_word' id='word_1_110' title='bbox 2049 1961 2194 2026; x_wconf 86' lang='lat' dir='ltr'>sive</span> <span class='ocrx_word' id='word_1_111' title='bbox 2267 1961 2504 2026; x_wconf 88' lang='lat' dir='ltr'>localis</span> <span class='ocrx_word' id='word_1_112' title='bbox 2567 1960 2920 2049; x_wconf 89' lang='lat' dir='ltr'>cujusdam</span> 
     </span>
     <span class='ocr_line' id='line_1_15' title="bbox 667 2074 2921 2163; baseline -0.002 -22"><span class='ocrx_word' id='word_1_113' title='bbox 667 2075 1209 2155; x_wconf 83' lang='lat' dir='ltr'>consuetudinis,</span> <span class='ocrx_word' id='word_1_114' title='bbox 1264 2097 1573 2140; x_wconf 87' lang='lat' dir='ltr'>servasse</span> <span class='ocrx_word' id='word_1_115' title='bbox 1592 2126 1610 2155; x_wconf 92' lang='lat'>,</span> <span class='ocrx_word' id='word_1_116' title='bbox 1677 2097 1814 2140; x_wconf 89' lang='lat' dir='ltr'>non</span> <span class='ocrx_word' id='word_1_117' title='bbox 1885 2074 2200 2140; x_wconf 86' lang='lat' dir='ltr'>obstante</span> <span class='ocrx_word' id='word_1_118' title='bbox 2267 2075 2606 2140; x_wconf 80' lang='lat' dir='ltr'>erectione</span> <span class='ocrx_word' id='word_1_119' title='bbox 2671 2074 2921 2163; x_wconf 87' lang='lat' dir='ltr'>publici</span> 
     </span>
     <span class='ocr_line' id='line_1_16' title="bbox 667 2187 2914 2277; baseline -0.001 -22"><span class='ocrx_word' id='word_1_120' title='bbox 667 2189 1067 2270; x_wconf 76' lang='lat' dir='ltr'>coemeterii,</span> <span class='ocrx_word' id='word_1_121' title='bbox 1112 2194 1181 2254; x_wconf 91' lang='lat' dir='ltr'>et</span> <span class='ocrx_word' id='word_1_122' title='bbox 1230 2189 1635 2277; x_wconf 88' lang='lat' dir='ltr'>parochum,</span> <span class='ocrx_word' id='word_1_123' title='bbox 1681 2191 1796 2276; x_wconf 91' lang='lat' dir='ltr'>qui</span> <span class='ocrx_word' id='word_1_124' title='bbox 1849 2189 1993 2254; x_wconf 78' lang='lat' dir='ltr'>haec</span> <span class='ocrx_word' id='word_1_125' title='bbox 2022 2190 2178 2276; x_wconf 88' lang='lat' dir='ltr'>jura</span> <span class='ocrx_word' id='word_1_126' title='bbox 2216 2187 2471 2276; x_wconf 85' lang='lat' dir='ltr'>pluries</span> <span class='ocrx_word' id='word_1_127' title='bbox 2507 2188 2914 2269; x_wconf 76' lang='lat' dir='ltr'>violaverat,</span> 
     </span>
     <span class='ocr_line' id='line_1_17' title="bbox 664 2303 2220 2369; baseline 0 -1"><span class='ocrx_word' id='word_1_128' title='bbox 664 2303 881 2369; x_wconf 81' lang='lat' dir='ltr'>teneri</span> <span class='ocrx_word' id='word_1_129' title='bbox 919 2303 1003 2368; x_wconf 91' lang='lat' dir='ltr'>ad</span> <span class='ocrx_word' id='word_1_130' title='bbox 1041 2304 1542 2369; x_wconf 88' lang='lat' dir='ltr'>restitutionem</span> <span class='ocrx_word' id='word_1_131' title='bbox 1583 2303 2220 2369; x_wconf 82' lang='lat' dir='ltr'>emolumentorum.</span> 
     </span>
    </p>

    <p class='ocr_par' dir='ltr' id='par_1_8' title="bbox 662 2415 2920 2848">
     <span class='ocr_line' id='line_1_18' title="bbox 754 2415 2920 2506; baseline 0 -24"><span class='ocrx_word' id='word_1_132' title='bbox 754 2419 821 2482; x_wconf 73' lang='lat' dir='ltr'>h.</span> <span class='ocrx_word' id='word_1_133' title='bbox 881 2417 959 2482; x_wconf 89' lang='lat' dir='ltr'>In</span> <span class='ocrx_word' id='word_1_134' title='bbox 1004 2418 1263 2501; x_wconf 63' lang='lat' dir='ltr'>Jacen„</span> <span class='ocrx_word' id='word_1_135' title='bbox 1320 2418 1405 2483; x_wconf 82' lang='lat'>24</span> <span class='ocrx_word' id='word_1_136' title='bbox 1454 2416 1587 2483; x_wconf 82' lang='lat' dir='ltr'>feb.</span> <span class='ocrx_word' id='word_1_137' title='bbox 1667 2416 1832 2482; x_wconf 84' lang='lat'>1888</span> <span class='ocrx_word' id='word_1_138' title='bbox 1856 2419 1901 2482; x_wconf 82' lang='lat'>⁴.</span> <span class='ocrx_word' id='word_1_139' title='bbox 1959 2415 2149 2482; x_wconf 85' lang='lat' dir='ltr'>Idem</span> <span class='ocrx_word' id='word_1_140' title='bbox 2199 2416 2504 2482; x_wconf 88' lang='lat' dir='ltr'>decisum</span> <span class='ocrx_word' id='word_1_141' title='bbox 2556 2425 2664 2482; x_wconf 87' lang='lat' dir='ltr'>est</span> <span class='ocrx_word' id='word_1_142' title='bbox 2701 2417 2920 2506; x_wconf 91' lang='lat' dir='ltr'>quoad</span> 
     </span>
     <span class='ocr_line' id='line_1_19' title="bbox 664 2532 2916 2621; baseline -0.001 -22"><span class='ocrx_word' id='word_1_143' title='bbox 664 2532 965 2621; x_wconf 91' lang='lat' dir='ltr'>aliquam</span> <span class='ocrx_word' id='word_1_144' title='bbox 1016 2532 1371 2598; x_wconf 88' lang='lat' dir='ltr'>ecclesiam</span> <span class='ocrx_word' id='word_1_145' title='bbox 1424 2533 1839 2619; x_wconf 81' lang='lat' dir='ltr'>regularem,</span> <span class='ocrx_word' id='word_1_146' title='bbox 1892 2556 2041 2620; x_wconf 81' lang='lat' dir='ltr'>quae</span> <span class='ocrx_word' id='word_1_147' title='bbox 2103 2555 2224 2597; x_wconf 90' lang='lat' dir='ltr'>sua</span> <span class='ocrx_word' id='word_1_148' title='bbox 2275 2532 2430 2619; x_wconf 88' lang='lat' dir='ltr'>jura</span> <span class='ocrx_word' id='word_1_149' title='bbox 2481 2540 2713 2598; x_wconf 80' lang='lat' dir='ltr'>servat</span> <span class='ocrx_word' id='word_1_150' title='bbox 2765 2556 2916 2619; x_wconf 86' lang='lat' dir='ltr'>erga</span> 
     </span>
     <span class='ocr_line' id='line_1_20' title="bbox 662 2646 2919 2736; baseline -0.001 -24"><span class='ocrx_word' id='word_1_151' title='bbox 662 2648 899 2713; x_wconf 86' lang='lat' dir='ltr'>fideles</span> <span class='ocrx_word' id='word_1_152' title='bbox 937 2647 1055 2736; x_wconf 90' lang='lat' dir='ltr'>qui</span> <span class='ocrx_word' id='word_1_153' title='bbox 1092 2670 1241 2712; x_wconf 89' lang='lat' dir='ltr'>eam</span> <span class='ocrx_word' id='word_1_154' title='bbox 1289 2646 1555 2734; x_wconf 86' lang='lat' dir='ltr'>eligunt</span> <span class='ocrx_word' id='word_1_155' title='bbox 1592 2647 1678 2711; x_wconf 89' lang='lat' dir='ltr'>ad</span> <span class='ocrx_word' id='word_1_156' title='bbox 1727 2647 2062 2736; x_wconf 82' lang='lat' dir='ltr'>explenda</span> <span class='ocrx_word' id='word_1_157' title='bbox 2112 2646 2348 2712; x_wconf 86' lang='lat' dir='ltr'>funera</span> <span class='ocrx_word' id='word_1_158' title='bbox 2393 2647 2504 2711; x_wconf 85' lang='lat' dir='ltr'>vel</span> <span class='ocrx_word' id='word_1_159' title='bbox 2551 2647 2626 2711; x_wconf 91' lang='lat' dir='ltr'>in</span> <span class='ocrx_word' id='word_1_160' title='bbox 2677 2670 2757 2712; x_wconf 91' lang='lat' dir='ltr'>ea</span> <span class='ocrx_word' id='word_1_161' title='bbox 2803 2646 2919 2710; x_wconf 84' lang='lat' dir='ltr'>ha-</span> 
     </span>
     <span class='ocr_line' id='line_1_21' title="bbox 662 2761 1644 2848; baseline -0.002 -21"><span class='ocrx_word' id='word_1_162' title='bbox 662 2762 825 2827; x_wconf 92' lang='lat' dir='ltr'>bent</span> <span class='ocrx_word' id='word_1_163' title='bbox 861 2762 1193 2848; x_wconf 87' lang='lat' dir='ltr'>majorum</span> <span class='ocrx_word' id='word_1_164' title='bbox 1234 2761 1644 2848; x_wconf 88' lang='lat' dir='ltr'>sepulcrum.</span> 
     </span>
    </p>

    <p class='ocr_par' dir='ltr' id='par_1_9' title="bbox 652 2874 2916 3880">
     <span class='ocr_line' id='line_1_22' title="bbox 751 2874 2915 2963; baseline -0.002 -22"><span class='ocrx_word' id='word_1_165' title='bbox 751 2878 817 2941; x_wconf 88' lang='lat'>3⁰</span> <span class='ocrx_word' id='word_1_166' title='bbox 856 2877 959 2940; x_wconf 85' lang='lat' dir='ltr'>Ex</span> <span class='ocrx_word' id='word_1_167' title='bbox 986 2876 1092 2939; x_wconf 88' lang='lat' dir='ltr'>his</span> <span class='ocrx_word' id='word_1_168' title='bbox 1130 2898 1293 2961; x_wconf 87' lang='lat' dir='ltr'>ergo</span> <span class='ocrx_word' id='word_1_169' title='bbox 1332 2874 1650 2940; x_wconf 88' lang='lat' dir='ltr'>omnibus</span> <span class='ocrx_word' id='word_1_170' title='bbox 1687 2876 2036 2941; x_wconf 89' lang='lat' dir='ltr'>conclusio</span> <span class='ocrx_word' id='word_1_171' title='bbox 2072 2876 2360 2957; x_wconf 86' lang='lat' dir='ltr'>eruitur,</span> <span class='ocrx_word' id='word_1_172' title='bbox 2405 2897 2686 2963; x_wconf 81' lang='lat' dir='ltr'>nempe,</span> <span class='ocrx_word' id='word_1_173' title='bbox 2721 2876 2915 2963; x_wconf 77' lang='lat' dir='ltr'>juxta</span> 
     </span>
     <span class='ocr_line' id='line_1_23' title="bbox 659 2987 2916 3077; baseline 0 -24"><span class='ocrx_word' id='word_1_174' title='bbox 659 2989 829 3053; x_wconf 86' lang='lat' dir='ltr'>duas</span> <span class='ocrx_word' id='word_1_175' title='bbox 883 2987 1197 3075; x_wconf 80' lang='lat' dir='ltr'>praefatas</span> <span class='ocrx_word' id='word_1_176' title='bbox 1258 2988 1872 3076; x_wconf 76' lang='lat' dir='ltr'>CongregationeS,</span> <span class='ocrx_word' id='word_1_177' title='bbox 1938 3012 2172 3054; x_wconf 91' lang='lat' dir='ltr'>omnes</span> <span class='ocrx_word' id='word_1_178' title='bbox 2233 2988 2556 3055; x_wconf 87' lang='lat' dir='ltr'>ecclesias</span> <span class='ocrx_word' id='word_1_179' title='bbox 2621 2990 2916 3077; x_wconf 86' lang='lat' dir='ltr'>particu—</span> 
     </span>
     <span class='ocr_line' id='line_1_24' title="bbox 658 3100 2916 3191; baseline 0 -26"><span class='ocrx_word' id='word_1_180' title='bbox 658 3102 835 3167; x_wconf 83' lang='lat' dir='ltr'>lares</span> <span class='ocrx_word' id='word_1_181' title='bbox 864 3100 1021 3187; x_wconf 89' lang='lat' dir='ltr'>jura</span> <span class='ocrx_word' id='word_1_182' title='bbox 1069 3124 1192 3167; x_wconf 89' lang='lat' dir='ltr'>sua</span> <span class='ocrx_word' id='word_1_183' title='bbox 1236 3126 1576 3191; x_wconf 72' lang='lat' dir='ltr'>servasse,</span> <span class='ocrx_word' id='word_1_184' title='bbox 1623 3126 1760 3167; x_wconf 87' lang='lat' dir='ltr'>non</span> <span class='ocrx_word' id='word_1_185' title='bbox 1808 3102 2122 3168; x_wconf 85' lang='lat' dir='ltr'>obstante</span> <span class='ocrx_word' id='word_1_186' title='bbox 2169 3104 2506 3169; x_wconf 80' lang='lat' dir='ltr'>erectione</span> <span class='ocrx_word' id='word_1_187' title='bbox 2543 3103 2916 3170; x_wconf 87' lang='lat' dir='ltr'>coemeterii</span> 
     </span>
     <span class='ocr_line' id='line_1_25' title="bbox 658 3215 2915 3305; baseline 0 -24"><span class='ocrx_word' id='word_1_188' title='bbox 658 3215 943 3305; x_wconf 84' lang='lat' dir='ltr'>publici;</span> <span class='ocrx_word' id='word_1_189' title='bbox 972 3254 1063 3265; x_wconf 95' lang='lat'><strong>—</strong></span> <span class='ocrx_word' id='word_1_190' title='bbox 1098 3216 1334 3282; x_wconf 83' lang='lat' dir='ltr'>fideles</span> <span class='ocrx_word' id='word_1_191' title='bbox 1371 3217 1592 3282; x_wconf 84' lang='lat' dir='ltr'>adhuc</span> <span class='ocrx_word' id='word_1_192' title='bbox 1631 3240 1830 3305; x_wconf 88' lang='lat' dir='ltr'>posse</span> <span class='ocrx_word' id='word_1_193' title='bbox 1867 3216 2244 3305; x_wconf 74' lang='lat' dir='ltr'>quamlibet</span> <span class='ocrx_word' id='word_1_194' title='bbox 2281 3218 2638 3283; x_wconf 90' lang='lat' dir='ltr'>ecclesiam</span> <span class='ocrx_word' id='word_1_195' title='bbox 2668 3218 2915 3305; x_wconf 87' lang='lat' dir='ltr'>eligere</span> 
     </span>
     <span class='ocr_line' id='line_1_26' title="bbox 658 3330 2914 3421; baseline 0.001 -26"><span class='ocrx_word' id='word_1_196' title='bbox 658 3355 781 3419; x_wconf 89' lang='lat' dir='ltr'>pro</span> <span class='ocrx_word' id='word_1_197' title='bbox 847 3330 1197 3396; x_wconf 84' lang='lat' dir='ltr'>funeribus</span> <span class='ocrx_word' id='word_1_198' title='bbox 1262 3331 1648 3419; x_wconf 83' lang='lat' dir='ltr'>explendis;</span> <span class='ocrx_word' id='word_1_199' title='bbox 1709 3370 1797 3380; x_wconf 91' lang='lat'>—</span> <span class='ocrx_word' id='word_1_200' title='bbox 1853 3332 2024 3413; x_wconf 91' lang='lat' dir='ltr'>im0,</span> <span class='ocrx_word' id='word_1_201' title='bbox 2081 3332 2140 3396; x_wconf 87' lang='lat' dir='ltr'>si</span> <span class='ocrx_word' id='word_1_202' title='bbox 2203 3332 2276 3396; x_wconf 91' lang='lat' dir='ltr'>in</span> <span class='ocrx_word' id='word_1_203' title='bbox 2337 3332 2570 3421; x_wconf 88' lang='lat' dir='ltr'>aliqua</span> <span class='ocrx_word' id='word_1_204' title='bbox 2629 3333 2914 3398; x_wconf 83' lang='lat' dir='ltr'>ecclesia</span> 
     </span>
     <span class='ocr_line' id='line_1_27' title="bbox 656 3444 2913 3536; baseline 0.002 -27"><span class='ocrx_word' id='word_1_205' title='bbox 656 3444 952 3511; x_wconf 79' lang='lat' dir='ltr'>habeant</span> <span class='ocrx_word' id='word_1_206' title='bbox 980 3445 1367 3532; x_wconf 86' lang='lat' dir='ltr'>sepulcrum</span> <span class='ocrx_word' id='word_1_207' title='bbox 1405 3445 1740 3532; x_wconf 88' lang='lat' dir='ltr'>majorum</span> <span class='ocrx_word' id='word_1_208' title='bbox 1770 3453 1840 3512; x_wconf 91' lang='lat' dir='ltr'>et</span> <span class='ocrx_word' id='word_1_209' title='bbox 1867 3446 2244 3512; x_wconf 86' lang='lat' dir='ltr'>moriantur</span> <span class='ocrx_word' id='word_1_210' title='bbox 2266 3470 2405 3513; x_wconf 90' lang='lat' dir='ltr'>non</span> <span class='ocrx_word' id='word_1_211' title='bbox 2443 3448 2664 3513; x_wconf 86' lang='lat' dir='ltr'>electa</span> <span class='ocrx_word' id='word_1_212' title='bbox 2693 3446 2913 3536; x_wconf 82' lang='lat' dir='ltr'>sepul-</span> 
     </span>
     <span class='ocr_line' id='line_1_28' title="bbox 658 3558 2908 3650; baseline 0 -24"><span class='ocrx_word' id='word_1_213' title='bbox 658 3568 833 3641; x_wconf 86' lang='lat' dir='ltr'>tura,</span> <span class='ocrx_word' id='word_1_214' title='bbox 858 3560 928 3625; x_wconf 88' lang='lat' dir='ltr'>in</span> <span class='ocrx_word' id='word_1_215' title='bbox 966 3560 1093 3625; x_wconf 88' lang='lat' dir='ltr'>hac</span> <span class='ocrx_word' id='word_1_216' title='bbox 1132 3582 1363 3625; x_wconf 88' lang='lat' dir='ltr'>eorum</span> <span class='ocrx_word' id='word_1_217' title='bbox 1400 3558 1638 3626; x_wconf 82' lang='lat' dir='ltr'>funera</span> <span class='ocrx_word' id='word_1_218' title='bbox 1662 3559 1906 3626; x_wconf 89' lang='lat' dir='ltr'>debere</span> <span class='ocrx_word' id='word_1_219' title='bbox 1943 3562 2233 3650; x_wconf 87' lang='lat' dir='ltr'>expleri;</span> <span class='ocrx_word' id='word_1_220' title='bbox 2265 3600 2354 3613; x_wconf 88' lang='lat'>--</span> <span class='ocrx_word' id='word_1_221' title='bbox 2380 3560 2666 3628; x_wconf 83' lang='lat' dir='ltr'>tandem</span> <span class='ocrx_word' id='word_1_222' title='bbox 2705 3560 2908 3628; x_wconf 88' lang='lat' dir='ltr'>eccle-</span> 
     </span>
     <span class='ocr_line' id='line_1_29' title="bbox 655 3672 2905 3763; baseline 0 -23"><span class='ocrx_word' id='word_1_223' title='bbox 655 3675 827 3740; x_wconf 88' lang='lat' dir='ltr'>siam</span> <span class='ocrx_word' id='word_1_224' title='bbox 864 3674 1175 3755; x_wconf 80' lang='lat' dir='ltr'>electam,</span> <span class='ocrx_word' id='word_1_225' title='bbox 1221 3680 1340 3740; x_wconf 87' lang='lat' dir='ltr'>aut</span> <span class='ocrx_word' id='word_1_226' title='bbox 1375 3672 1742 3741; x_wconf 83' lang='lat' dir='ltr'>habentem</span> <span class='ocrx_word' id='word_1_227' title='bbox 1779 3675 2168 3763; x_wconf 85' lang='lat' dir='ltr'>sepulcrum</span> <span class='ocrx_word' id='word_1_228' title='bbox 2205 3676 2648 3763; x_wconf 85' lang='lat' dir='ltr'>gentilitium,</span> <span class='ocrx_word' id='word_1_229' title='bbox 2695 3677 2905 3743; x_wconf 87' lang='lat' dir='ltr'>adhuc</span> 
     </span>
     <span class='ocr_line' id='line_1_30' title="bbox 652 3787 2902 3880; baseline 0 -27"><span class='ocrx_word' id='word_1_230' title='bbox 652 3811 855 3875; x_wconf 90' lang='lat' dir='ltr'>posse</span> <span class='ocrx_word' id='word_1_231' title='bbox 876 3787 991 3875; x_wconf 90' lang='lat' dir='ltr'>jus</span> <span class='ocrx_word' id='word_1_232' title='bbox 1030 3810 1232 3853; x_wconf 87' lang='lat' dir='ltr'>suum</span> <span class='ocrx_word' id='word_1_233' title='bbox 1270 3787 1642 3875; x_wconf 89' lang='lat' dir='ltr'>sepeliendi</span> <span class='ocrx_word' id='word_1_234' title='bbox 1673 3812 2011 3873; x_wconf 86' lang='lat' dir='ltr'>exercere,</span> <span class='ocrx_word' id='word_1_235' title='bbox 2046 3813 2184 3855; x_wconf 91' lang='lat' dir='ltr'>non</span> <span class='ocrx_word' id='word_1_236' title='bbox 2223 3792 2500 3880; x_wconf 89' lang='lat' dir='ltr'>quidem</span> <span class='ocrx_word' id='word_1_237' title='bbox 2529 3793 2601 3857; x_wconf 92' lang='lat' dir='ltr'>in</span> <span class='ocrx_word' id='word_1_238' title='bbox 2638 3791 2902 3880; x_wconf 91' lang='lat' dir='ltr'>proprio</span> 
     </span>
    </p>

    <p class='ocr_par' dir='ltr' id='par_1_10' title="bbox 716 3956 2064 4023">
     <span class='ocr_line' id='line_1_31' title="bbox 716 3956 2064 4023; baseline 0.003 -18"><span class='ocrx_word' id='word_1_239' title='bbox 716 3956 733 3989; x_wconf 92' lang='lat'>¹</span> <span class='ocrx_word' id='word_1_240' title='bbox 777 3956 1116 4015; x_wconf 72' lang='lat' dir='ltr'>Thesaurus,</span> <span class='ocrx_word' id='word_1_241' title='bbox 1148 3960 1189 4006; x_wconf 87' lang='lat' dir='ltr'>t.</span> <span class='ocrx_word' id='word_1_242' title='bbox 1216 3972 1388 4017; x_wconf 59' lang='lat' dir='ltr'>exuis,</span> <span class='ocrx_word' id='word_1_243' title='bbox 1418 3971 1475 4020; x_wconf 88' lang='lat' dir='ltr'>p.</span> <span class='ocrx_word' id='word_1_244' title='bbox 1504 3962 1624 4017; x_wconf 74' lang='lat'><strong>⁴68;</strong></span> <span class='ocrx_word' id='word_1_245' title='bbox 1656 3962 1696 4007; x_wconf 90' lang='lat' dir='ltr'>t.</span> <span class='ocrx_word' id='word_1_246' title='bbox 1729 3973 1879 4019; x_wconf 64' lang='lat' dir='ltr'>cxix,</span> <span class='ocrx_word' id='word_1_247' title='bbox 1902 3974 1956 4023; x_wconf 90' lang='lat' dir='ltr'>p.</span> <span class='ocrx_word' id='word_1_248' title='bbox 1984 3963 2064 4009; x_wconf 71' lang='lat'>⁴4.</span> 
     </span>
    </p>

    <p class='ocr_par' dir='ltr' id='par_1_11' title="bbox 715 4034 2892 4103">
     <span class='ocr_line' id='line_1_32' title="bbox 715 4034 2892 4103; baseline 0 -18"><span class='ocrx_word' id='word_1_249' title='bbox 715 4034 737 4069; x_wconf 81' lang='lat'>²</span> <span class='ocrx_word' id='word_1_250' title='bbox 769 4034 1012 4095; x_wconf 78' lang='lat' dir='ltr'>Decisi0‚</span> <span class='ocrx_word' id='word_1_251' title='bbox 1036 4036 1215 4099; x_wconf 83' lang='lat' dir='ltr'>quoad</span> <span class='ocrx_word' id='word_1_252' title='bbox 1245 4036 1383 4084; x_wconf 83' lang='lat' dir='ltr'>hanc</span> <span class='ocrx_word' id='word_1_253' title='bbox 1408 4036 1638 4085; x_wconf 83' lang='lat' dir='ltr'>alteram</span> <span class='ocrx_word' id='word_1_254' title='bbox 1663 4039 1903 4100; x_wconf 83' lang='lat' dir='ltr'>partem,</span> <span class='ocrx_word' id='word_1_255' title='bbox 1927 4040 2146 4089; x_wconf 80' lang='lat' dir='ltr'>videtur</span> <span class='ocrx_word' id='word_1_256' title='bbox 2167 4040 2294 4089; x_wconf 76' lang='lat' dir='ltr'>data</span> <span class='ocrx_word' id='word_1_257' title='bbox 2319 4040 2486 4089; x_wconf 74' lang='lat' dir='ltr'>fuisse</span> <span class='ocrx_word' id='word_1_258' title='bbox 2511 4040 2585 4089; x_wconf 86' lang='lat' dir='ltr'>ob</span> <span class='ocrx_word' id='word_1_259' title='bbox 2615 4038 2892 4103; x_wconf 69' lang='lat' dir='ltr'>peculiaria</span> 
     </span>
    </p>
   </div>
   <div class='ocr_carea' id='block_1_7' title="bbox 650 4114 2886 4179">
    <p class='ocr_par' dir='ltr' id='par_1_12' title="bbox 650 4114 2886 4179">
     <span class='ocr_line' id='line_1_33' title="bbox 650 4114 2886 4179; baseline 0.001 -18"><span class='ocrx_word' id='word_1_260' title='bbox 650 4114 929 4176; x_wconf 84' lang='lat' dir='ltr'>adjuncta,</span> <span class='ocrx_word' id='word_1_261' title='bbox 962 4116 1031 4164; x_wconf 88' lang='lat' dir='ltr'>de</span> <span class='ocrx_word' id='word_1_262' title='bbox 1058 4114 1258 4178; x_wconf 77' lang='lat' dir='ltr'>quibus</span> <span class='ocrx_word' id='word_1_263' title='bbox 1282 4114 1411 4164; x_wconf 81' lang='lat' dir='ltr'>vide</span> <span class='ocrx_word' id='word_1_264' title='bbox 1436 4114 1620 4163; x_wconf 80' lang='lat' dir='ltr'>locum</span> <span class='ocrx_word' id='word_1_265' title='bbox 1649 4115 1805 4179; x_wconf 73' lang='lat' dir='ltr'>alleg.</span> <span class='ocrx_word' id='word_1_266' title='bbox 1837 4116 1894 4165; x_wconf 85' lang='lat' dir='ltr'>in</span> <span class='ocrx_word' id='word_1_267' title='bbox 1930 4116 2220 4168; x_wconf 68' lang='lat' dir='ltr'>Thesauro.</span> <span class='ocrx_word' id='word_1_268' title='bbox 2253 4116 2334 4168; x_wconf 78' lang='lat' dir='ltr'>Cf.</span> <span class='ocrx_word' id='word_1_269' title='bbox 2363 4118 2531 4178; x_wconf 73' lang='lat' dir='ltr'>infra,</span> <span class='ocrx_word' id='word_1_270' title='bbox 2563 4134 2617 4168; x_wconf 86' lang='lat' dir='ltr'>n.</span> <span class='ocrx_word' id='word_1_271' title='bbox 2647 4118 2803 4179; x_wconf 76' lang='lat'>2⁰8,</span> <span class='ocrx_word' id='word_1_272' title='bbox 2821 4124 2886 4165; x_wconf 75' lang='lat'>2⁰.</span> 
     </span>
    </p>
   </div>
   <div class='ocr_carea' id='block_1_8' title="bbox 713 4192 1720 4334">
    <p class='ocr_par' dir='ltr' id='par_1_13' title="bbox 713 4192 1720 4334">
     <span class='ocr_line' id='line_1_34' title="bbox 713 4192 1720 4257; baseline 0.001 -17"><span class='ocrx_word' id='word_1_273' title='bbox 713 4192 734 4225; x_wconf 78' lang='lat'><strong>³</strong></span> <span class='ocrx_word' id='word_1_274' title='bbox 766 4194 901 4242; x_wconf 78' lang='lat' dir='ltr'>Acta</span> <span class='ocrx_word' id='word_1_275' title='bbox 930 4193 981 4243; x_wconf 92' lang='lat' dir='ltr'>S.</span> <span class='ocrx_word' id='word_1_276' title='bbox 1012 4193 1191 4254; x_wconf 70' lang='lat' dir='ltr'>Sedis,</span> <span class='ocrx_word' id='word_1_277' title='bbox 1221 4198 1259 4244; x_wconf 87' lang='lat' dir='ltr'>t.</span> <span class='ocrx_word' id='word_1_278' title='bbox 1294 4209 1345 4254; x_wconf 81' lang='lat' dir='ltr'>v,</span> <span class='ocrx_word' id='word_1_279' title='bbox 1378 4210 1431 4257; x_wconf 90' lang='lat' dir='ltr'>p.</span> <span class='ocrx_word' id='word_1_280' title='bbox 1465 4198 1720 4242; x_wconf 81' lang='lat'><strong>562-570.</strong></span> 
     </span>
     <span class='ocr_line' id='line_1_35' title="bbox 714 4268 1501 4334; baseline 0.008 -18"><span class='ocrx_word' id='word_1_281' title='bbox 714 4270 736 4303; x_wconf 79' lang='lat'><strong>⁴</strong></span> <span class='ocrx_word' id='word_1_282' title='bbox 768 4268 927 4329; x_wconf 73' lang='lat' dir='ltr'>Ibid„</span> <span class='ocrx_word' id='word_1_283' title='bbox 962 4276 1001 4321; x_wconf 84' lang='lat' dir='ltr'>t.</span> <span class='ocrx_word' id='word_1_284' title='bbox 1034 4288 1127 4328; x_wconf 75' lang='lat' dir='ltr'>xx,</span> <span class='ocrx_word' id='word_1_285' title='bbox 1160 4287 1213 4334; x_wconf 87' lang='lat' dir='ltr'>p.</span> <span class='ocrx_word' id='word_1_286' title='bbox 1247 4277 1501 4322; x_wconf 77' lang='lat'><strong>580-592.</strong></span> 
     </span>
    </p>
   </div>
   <div class='ocr_carea' id='block_1_9' title="bbox 3143 3292 3150 3799">
    <p class='ocr_par' dir='ltr' id='par_1_14' title="bbox 3143 3292 3150 3799">
     <span class='ocr_line' id='line_1_36' title="bbox 3143 3292 3150 3799; baseline 0 0"><span class='ocrx_word' id='word_1_287' title='bbox 3143 3292 3150 3799; x_wconf 95' lang='lat' dir='ltr'> </span> 
     </span>
    </p>
   </div>
   <div class='ocr_carea' id='block_1_10' title="bbox 3141 4284 3152 4996">
    <p class='ocr_par' dir='ltr' id='par_1_15' title="bbox 3141 4284 3152 4996">
     <span class='ocr_line' id='line_1_37' title="bbox 3141 4284 3152 4996; baseline 0 0"><span class='ocrx_word' id='word_1_288' title='bbox 3141 4284 3152 4996; x_wconf 95' lang='lat' dir='ltr'> </span> 
     </span>
    </p>
   </div>
  </div>
 </body>
</html>
