3192 5025
1180 1246 1609 1329 CAPUT
1682 1248 1826 1330 III

1069 1698 1172 1752 DE
1237 1700 1408 1755 ARA
1467 1702 1933 1759 PORTATILI

441 2212 480 2285 ἓ
519 2212 588 2269 1.
633 2213 742 2271 De
781 2210 1124 2282 notione,
1165 2212 1421 2270 tabula
1458 2214 1534 2268 et
1571 2208 1923 2283 sepulcro
1961 2226 2113 2269 arne
2150 2214 2552 2286 portatilis.

459 2430 648 2501 126.
679 2468 768 2481 —-
796 2430 1033 2500 Notio
1063 2450 1222 2499 31·ae
1252 2428 1681 2520 portatilis.
1708 2466 1796 2477 -
1820 2428 1961 2493 Ara
1991 2430 2331 2518 portatilis
2360 2441 2630 2501 constat

367 2569 504 2611 una
543 2554 608 2610 et
634 2545 932 2632 simplici
973 2545 1240 2629 tabula,
1281 2545 1424 2609 sine
1459 2543 1721 2629 stipite,
1766 2565 1920 2607 cum
1955 2566 2171 2629 parvo
2207 2547 2516 2632 sepulcro
2557 2550 2627 2613 in

359 2661 508 2746 ipsa
559 2659 820 2726 tabula.
870 2699 960 2709 —
1014 2658 1211 2726 Unde
1262 2656 1737 2745 'multipliciter
1786 2655 2013 2722 differt
2058 2655 2143 2722 ab
2204 2656 2401 2725 altari
2452 2661 2620 2744 fixo;

353 2773 778 2862 praecipuum
819 2779 1046 2838 autem
1094 2780 1162 2837 et
1209 2769 1572 2836 essentiale
1625 2763 1988 2835 discrimen
2027 2770 2097 2834 in
2150 2770 2277 2836 hoo
2326 2773 2627 2862 positum

354 2893 498 2968 est,
550 2894 628 2952 ut
675 2887 890 2952 altare
938 2887 1151 2951 fixum
1199 2890 1469 2951 constet
1519 2881 1753 2948 tabula
1816 2891 1883 2948 et
1934 2884 2165 2972 stipite
2214 2885 2418 2953 simul
2467 2913 2623 2954 eon-

341 3001 610 3090 junctis
639 3008 708 3067 et
742 3024 865 3091 per
901 3001 1182 3066 modurn
1219 2999 1424 3066 unius
1452 2998 1894 3081 consecratiS‚
1940 2997 2105 3064 dum
2142 3023 2257 3066 ara
2284 3004 2625 3088 portatilis

353 3137 498 3180 non
537 3123 642 3182 est
681 3115 870 3181 aliud
906 3115 1038 3180 nisi
1076 3137 1261 3179 mera
1293 3112 1550 3194 tabula,
1581 3136 1728 3195 seu,
1761 3121 1839 3178 ut
1867 3113 2137 3197 dicitur,
2170 3123 2370 3202 petra
2398 3140 2613 3184 sacra.

353 3227 601 3308 Quoad
649 3237 880 3295 tamen
931 3251 1068 3294 non
1111 3228 1430 3317 impedit,
1486 3227 1653 3315 quin
1702 3227 1847 3293 haec
1892 3234 2084 3314 petra
2144 3228 2350 3295 inseri
2400 3232 2618 3320 possit

348 3342 561 3409 alicui
605 3341 856 3409 tabulae
888 3350 1008 3408 aut
1045 3348 1406 3407 structurae
1445 3340 1751 3428 cujusvis
1797 3341 2130 3422 materiae,
2173 3343 2375 3408 etiam
2417 3345 2615 3410 modo

345 3457 610 3523 stabili.

453 3685 641 3754 12⁶7.
670 3724 760 3735 —
795 3685 1102 3755 Tabula
1137 3703 1297 3752 arae
1333 3683 1762 3773 portatilis.
1793 3721 1879 3734 -
1918 3683 2173 3749 Tabula
2211 3708 2344 3750 arae
2380 3693 2610 3775 porta-

341 3798 530 3880 tilis,
575 3821 696 3865 seu
732 3799 961 3889 potius
999 3796 1266 3878 tabula,
1312 3819 1461 3885 quae
1501 3803 1609 3862 est
1644 3797 1791 3884 ipsa
1830 3819 1943 3862 ara
1974 3797 2344 3886 portatiliS,
2377 3799 2610 3887 plures

345 3911 788 3979 condiciones
822 3912 1108 4002 implere
1147 3910 1348 3977 debet
1385 3929 1400 3977 τ

446 4029 512 4090 1⁰
549 4025 879 4092 Constare
918 4025 1122 4092 debet
1163 4026 1357 4091 unico
1400 4024 1645 4110 lapide,
1680 4046 1864 4110 puro
1902 4030 1971 4089 et
2002 4025 2289 4110 inte9r0.

438 4162 503 4205 a.
527 4137 726 4219 Quod
755 4140 1000 4206 debeat
1023 4163 1174 4204 esse
1209 4139 1492 4224 lapidea,
1520 4143 1793 4203 constat
1814 4144 1963 4202 tum
1990 4139 2276 4224 antiqua
2297 4137 2607 4205 Ecclesiae

341 4254 866 4338 consuetudine,
910 4254 992 4320 de
1041 4275 1176 4342 qua
1225 4253 1482 4318 dictum
1523 4259 1629 4316 est
1668 4275 1871 4339 supra
1913 4252 2015 4341 (n.
2066 4253 2297 4342 112);
2341 4275 2431 4305 -·-
2457 4260 2609 4318 tum
