3192 5025
1335 441 1532 490 mol-:x
1576 442 1807 493 RERUM

953 580 1002 635 Ο

438 706 843 760 oratorium:
875 714 1054 774 quoad
1097 713 1394 774 titularem,
1431 722 1516 765 60-

499 784 584 837 613
611 807 670 817 -
699 784 876 843 quoad
908 783 1288 845 pollutionem,
1320 792 1510 847 80-82;

497 876 556 886 —
586 853 764 913 quoad
802 854 1196 904 immunitatem
1227 858 1296 905 ab
1325 859 1512 907 usibus

499 922 766 983 profanis,
825 929 1020 984 91-933
1080 954 1140 964 —
1196 931 1372 988 quoad
1421 931 1512 993 jus

495 994 656 1053 asyli,
693 999 941 1044 μιῇ-103.

431 1062 800 1115 oratorium
840 1068 1258 1121 domesticum
1283 1087 1297 1121 :
1330 1075 1504 1131 notio,

493 1138 752 1197 111-1453
823 1166 884 1175 —-
953 1142 1192 1204 episcopi
1264 1146 1507 1205 potestas

489 1208 667 1267 quoad
735 1208 1154 1260 celebrationem
1216 1214 1394 1263 missae
1451 1216 1504 1263 in

488 1278 728 1327 oratorio
775 1280 1103 1338 domesticO,
1155 1288 1278 1333 ante
1325 1288 1506 1335 conci-

486 1346 619 1397 lium
649 1350 1052 1413 Tridentinum,
1082 1357 1332 1413 145-146;
1361 1384 1420 1394 —
1453 1360 1502 1406 vi

487 1420 699 1468 concilii
753 1422 1082 1484 Tridentini,
1142 1430 1394 1487 146-153;
1443 1458 1502 1467 —-

483 1488 696 1539 indulta
742 1492 897 1541 Rom.
939 1496 1212 1556 pontificis
1251 1500 1317 1546 de
1355 1500 1498 1549 cele-

483 1560 730 1610 bratione
793 1565 1079 1614 missarum
1141 1568 1194 1616 in
1249 1572 1500 1619 oratoriis

481 1632 821 1693 domesticiS,
850 1640 1106 1697 153-156;
1134 1667 1194 1676 —
1221 1642 1380 1689 varim
1405 1643 1497 1691 ho—

479 1716 598 1751 rum
655 1704 987 1755 indultorum
1035 1709 1314 1768 clausulae,
1371 1719 1496 1761 156-

479 1778 600 1832 167;
661 1776 785 1824 vide
843 1776 1099 1837 Ῑηιὶαὶὶιις
1160 1810 1212 1817 -—
1273 1786 1492 1833 oratorii

477 1844 760 1895 domestici
777 1848 1246 1913 indolesjuridica,
1269 1859 1488 1903 171-173.

415 1914 783 1968 oratorium
808 1920 1164 1982 publicum:
1187 1926 1354 1978 notio,
1381 1932 1494 1975 125-

474 1992 591 2047 126;
635 2016 688 2024 -
730 1991 794 2038 de
839 1993 1100 2054 requisito
1145 1996 1362 2057 publico
1405 2000 1488 2046 in-

473 2072 688 2120 gressu,
720 2066 966 2121 126-1293
991 2092 1046 2099 —
1070 2066 1136 2114 de
1166 2067 1379 2129 privato
1409 2071 1490 2117 in—

472 2144 688 2191 gressu,
719 2136 951 2190 129-131;
983 2162 1046 2171 —
1075 2137 1225 2199 signa
1259 2140 1489 2201 publici-

473 2201 599 2249 tatis
629 2205 867 2262 oratorii,
897 2210 1013 2265 131;
1047 2234 1106 2245 -
1136 2210 1396 2272 requisita
1419 2215 1487 2261 ad

470 2272 797 2322 erectionem
840 2278 1060 2326 oratorii
1101 2279 1488 2341 publiciflezz-

470 2345 584 2402 13-st
619 2371 679 2380 —
708 2347 930 2395 oratorii
969 2349 1170 2411 publici
1206 2366 1486 2403 consecra-

468 2413 544 2461 tio
565 2418 660 2463 aut
681 2415 1002 2477 benedictin,
1027 2424 1256 2482 013-6-1373
1285 2452 1344 2459 —
1370 2426 1484 2487 ejus

465 2482 677 2535 indoles
702 2486 962 2549 juridica,
995 2494 1244 2554 137-138;
1277 2522 1336 2532 -
1367 2511 1484 2546 ora-

466 2557 666 2606 torium
689 2559 968 2622 publicum
993 2563 1218 2614 relative
1238 2567 1304 2614 ad
1325 2583 1482 2630 paro-

465 2627 653 2687 chum,
713 2635 960 2692 138-1513
1016 2661 1076 2671 —-
1131 2636 1356 2686 relative
1412 2642 1480 2688 ad

461 2699 804 2762 episcopum,
835 2707 1080 2754 141-143.

400 2766 768 2822 Oratorlum
799 2776 1348 2840 semi-publicum:
1380 2798 1474 2831 no-

463 2839 564 2899 tio,
604 2845 859 2904 176-177;
894 2873 954 2882 —
983 2852 1218 2909 quatuor
1252 2867 1472 2914 genera,

460 2911 712 2961 nimirum
757 2919 991 2966 oratoria
1037 2920 1223 2983 palatii
1268 2923 1476 2985 episco-

457 2982 594 3042 palis
633 2989 688 3032 et
725 2987 1073 3048 cardinalitii,
1119 2996 1235 3051 177;
1266 3021 1328 3031 —
1357 3011 1474 3044 ora-

457 3053 596 3102 toria
637 3055 878 3106 locorum
922 3061 1319 3124 religiosorum,
1361 3072 1474 3115 177-

456 3128 570 3185 178;
607 3153 661 3162 —
693 3127 936 3178 locorum
967 3133 1198 3194 piorum,
1233 3141 1468 3200 178-1803

455 3221 514 3231 —
539 3195 780 3247 locorum
811 3201 1177 3264 publicorum,
1209 3211 1466 3271 180-181;

450 3293 515 3303 —
542 3268 825 3332 multiplex
858 3275 1154 3324 oratorium
1191 3277 1242 3325 in
1279 3281 1468 3330 eodem

451 3337 590 3397 loco,
618 3345 857 3402 181-182;
885 3371 946 3380 —
970 3347 1228 3407 requisita
1258 3351 1324 3398 ad
1351 3352 1468 3402 haec

452 3411 703 3470 oratoria,
734 3417 960 3474 182-184;
997 3443 1049 3452 —-
1082 3418 1274 3468 horum
1307 3421 1466 3472 bene-

449 3480 616 3528 dictio
669 3485 763 3531 aut
817 3489 1181 3547 consecratiO,
1233 3497 1353 3550 184;
1406 3523 1464 3531 —

449 3553 744 3602 oratorium
773 3556 1209 3618 semi-publicum
1239 3563 1464 3614 relative

447 3622 514 3668 ad
543 3625 856 3685 parochum,
892 3633 1128 3690 185-186;
1154 3659 1215 3668 -
1237 3635 1462 3686 relative

447 3693 513 3739 ad
552 3695 894 3758 episcopum,
929 3703 1161 3762 186-187;
1196 3730 1255 3741 -
1284 3711 1462 3756 orato-

445 3762 523 3811 ria
567 3765 773 3816 minora
817 3773 1294 3835 communitatum,
1339 3783 1455 3826 187-

445 3838 562 3893 188;
587 3862 646 3872 -
675 3841 912 3889 oratoria
939 3841 1312 3908 Regularium,
1337 3855 1454 3898 188-

442 3909 549 3952 191.

882 4061 937 4114 Ρ

380 4170 694 4222 Palatlum
725 4177 1086 4244 episcopale
1112 4196 1126 4231 ε
1161 4185 1338 4245 quoad
1361 4187 1451 4249 jus

437 4242 591 4303 asyli,
608 4247 696 4290 103
712 4257 724 4304 ;
743 4272 803 4281 -
815 4251 992 4308 quoad
1013 4255 1325 4316 oratorium,
1341 4260 1447 4308 177.

2597 452 2698 506 393

1622 560 1988 613 parochus:
2016 565 2137 627 jura
2168 568 2283 629 ejus
2313 571 2491 630 quoad
2521 576 2697 621 orato-

1616 624 1621 629 ’
1681 630 1818 679 rium
1848 634 2144 695 publicum,
2182 642 2309 685 1384
2330 642 2406 698 Ης
2435 666 2494 676 -
2519 644 2696 703 quoad

1679 704 1973 752 oratorium
1991 707 2448 769 semi-publicum,
2473 716 2691 770 185-186;

1677 800 1737 809 —
1766 777 1941 836 quoad
1978 779 2273 827 oratorium
2305 781 2689 844 domesticum,

1680 850 1787 893 167.

1616 915 1947 968 Paroehus
2006 922 2216 983 quoad
2275 924 2634 986 sepulturas
2672 942 2685 978 :

1668 987 1789 1049 jura
1821 991 2042 1049 parochi
2077 993 2292 1055 quando
2334 996 2691 1057 parochianus

1675 1059 1875 1107 nullam
1904 1059 2072 1109 habet
2101 1062 2328 1113 electam
2358 1069 2450 1114 aut
2478 1069 2690 1129 gentili-

1675 1129 1804 1177 tiam
1874 1132 2235 1193 sepulturam,

1670 1202 1885 1262 quando
1929 1205 2290 1264 parochianus
2333 1208 2596 1269 sepelitur
2631 1212 2683 1259 in

1671 1270 1775 1319 alio
1814 1276 2128 1323 coemeterio
2162 1290 2323 1338 quam
2358 1281 2681 1339 parochiali,

1668 1346 1937 1401 301-320;
1992 1370 2053 1381 -
2098 1346 2188 1407 jus
2246 1347 2411 1397 habet
2466 1349 2681 1400 levandi

1667 1428 1891 1475 corpm,
1951 1421 2215 1475 309-311;
2267 1446 2329 1455 —
2378 1420 2679 1471 deducendi

1666 1500 1863 1547 corpus
1890 1487 1957 1533 ad
1984 1488 2265 1537 ecclesiam
2292 1490 2677 1553 tumulantem,

1664 1560 1917 1615 311-312;
1968 1564 2225 1620 317-318;
2273 1589 2331 1597 —
2374 1563 2439 1610 ‹le
2488 1569 2677 1625 quarta

1664 1626 1913 1685 fuum-ali,
1947 1634 2191 1677 320-329.

1600 1696 1919 1750 Patronus
1948 1701 2275 1752 ecclesiae:
2312 1704 2434 1753 vide
2472 1704 2677 1755 Titulu-

1662 1767 1739 1816 ris
1768 1770 2021 1820 ecclesia».

1597 1838 1980 1893 Peccatores
2016 1844 2254 1907 publici
2288 1858 2297 1892 ε
2341 1848 2517 1909 quoad
2556 1849 2669 1911 pri-

1658 1913 1928 1961 vationem
1959 1915 2276 1976 sepulturae,
2310 1922 2558 1968 358-361.

1597 1980 1850 2033 Poenae:
1880 1988 2069 2034 contra
2100 1986 2366 2037 violantes
2383 1988 2475 2050 jus
2504 1992 2667 2053 asyli,

1655 2057 1915 2114 ¹09-1113
1949 2082 2008 2092 -
2045 2060 2235 2107 contra
2273 2074 2367 2107 eos
2404 2060 2495 2122 qui
2535 2062 2671 2109 indi-

1652 2124 1771 2184 gnis
1800 2128 2105 2188 concedunt
2130 2130 2462 2191 sepulturam
2498 2133 2670 2181 eccle-

1652 2196 1950 2258 siasticam,
1984 2203 2223 2248 364-366.

1589 2264 1868 2318 Pollutto
1943 2273 2297 2322 coemeterii
2347 2287 2361 2322 :
2428 2275 2665 2338 quinque

1649 2352 1827 2387 causoe
1864 2341 2181 2403 pollutionis
2221 2346 2545 2405 coemeterii,
2588 2348 2667 2394 ni-

1648 2409 1861 2469 mirum,
1886 2412 2075 2461 effusio
2097 2416 2371 2477 sanguinis
2392 2418 2487 2464 aut
2510 2419 2666 2465 semi-

1648 2480 1731 2528 nis
1786 2480 2031 2542 humani,
2094 2488 2212 2544 247;
2268 2512 2329 2523 —
2384 2487 2662 2550 sepultura

1646 2555 2098 2604 excommunicati
2136 2557 2371 2617 vitandi,
2412 2561 2508 2608 aut
2546 2561 2661 2608 infi-

1644 2622 1805 2682 delis,
1826 2627 1945 2684 2⁴83
1970 2627 2422 2688 —homicidium,
2452 2633 2569 2689 248ς
2598 2658 2660 2668 -

1643 2693 1873 2755 pollutio
1910 2697 2153 2746 ecclesiae
2198 2700 2491 2762 contiguae,
2533 2707 2655 2751 248-

1642 2768 1761 2826 249;
1817 2793 1877 2803 —
1932 2768 1999 2816 de
2055 2769 2332 2832 sepultura
2387 2771 2655 2832 hoeretici,

1644 2836 1989 2899 schismatici,
2013 2841 2402 2901 catechumeni,
2435 2843 2656 2894 infantis

1640 2923 1747 2956 non
1786 2907 2069 2972 baptizati,
2104 2917 2300 2974 75-76;
2332 2941 2391 2952 -
2430 2916 2655 2965 effectus

1638 2979 1982 3040 pollutionis,
2016 2987 2122 3030 2-59.

1577 3049 1854 3101 Pollutlo
1888 3052 2217 3105 eecleslae:
2256 3057 2431 3116 noti0,
2475 3063 2559 3119 70;
2596 3087 2650 3096 —

1637 3125 1869 3184 quatuor
1906 3124 2223 3186 pollutionis
2262 3142 2463 3188 causae,
2498 3131 2653 3178 nimi-

1635 3208 1772 3253 rum,
1795 3194 2161 3256 homicidium,
2187 3202 2355 3257 70-72;
2382 3226 2436 3235 —
2459 3201 2649 3250 effusio

1634 3265 1910 3326 sanguinis
1966 3270 2060 3316 aut
2125 3269 2343 3317 seminis
2398 3271 2645 3333 humani,

1634 3329 1835 3395 72-733
1871 3365 1927 3372 —
1967 3339 2247 3401 sepultura
2284 3345 2649 3392 excommuni-

1631 3407 1737 3454 cati
1770 3407 2003 3468 vitandi,
2038 3411 2123 3458 vel
2152 3409 2409 3470 infidelis,
2442 3417 2643 3474 73-75;

1630 3503 1687 3512 ——
1740 3479 1870 3540 quid
1926 3481 1991 3528 de
2050 3481 2327 3543 sepultura
2374 3483 2641 3544 hoeretici,

1628 3548 1977 3610 schismatici,
2004 3552 2396 3611 catechumeni,
2424 3555 2645 3605 infantis

1629 3633 1734 3666 non
1775 3620 2058 3684 baptizati,
2101 3627 2286 3682 75-76;
2320 3651 2379 3661 -—-
2417 3627 2643 3676 effectus

1626 3689 1969 3753 pollutionis,
2001 3699 2179 3742 82-83.

1561 3759 2002 3815 Praeeedenua
2040 3766 2108 3817 tn
2142 3766 2511 3818 tunertbus:
2548 3771 2642 3818 de-

1625 3831 1786 3881 betur
1822 3837 2086 3896 parocho,
2119 3841 2377 3896 298-2993
2410 3866 2470 3876 —
2508 3842 2637 3903 quid

1622 3903 1665 3950 si
1698 3905 1912 3954 intersit
1942 3908 2267 3970 capitulum,
2297 3914 2545 3959 298-299.

1561 3974 1931 4028 profanatio
1962 3993 2056 4026 seu
2087 3980 2371 4029 conversio
2403 3983 2471 4029 ad
2506 3997 2636 4032 usus

1620 4047 1874 4107 profanos
1897 4061 1909 4095 :
1939 4051 2245 4111 profanatio
2270 4053 2531 4115 ecclesiae,
2554 4061 2632 4116 66,

1618 4123 1693 4176 67,
1730 4124 1860 4168 nota
1889 4125 1947 4179 3;
1986 4148 2045 4158 —
2080 4123 2328 4182 oratorii,
2368 4129 2480 4184 133,
2516 4131 2629 4184 174,

1622 4193 1732 4250 183;
1766 4217 1825 4228 -
1854 4194 2176 4252 coemeterii,
2210 4197 2460 4245 216-247.
2536 4237 2541 4242 .

2308 1140 2561 1194 297-301;
2628 1167 2687 1177 -
2772 1158 2777 1161 ·
