3192 5025
668 493 757 542 DE
796 493 1179 544 NEGATIONE
1216 491 1738 544 ECCLESIASTICAE
1775 491 2181 542 SEPULTURAE
2449 492 2553 546 355

382 635 453 700 d.
527 635 751 718 Licet,
820 635 909 702 ex
982 637 1181 702 dictis
1198 687 1213 718 ,
1294 636 1455 701 dare
1528 634 1950 723 sepulturam
2025 635 2551 702 ecclesiasticam

292 750 901 815 excommunicatis
978 750 1279 816 toleratis
1291 767 1325 833 ‚·
1394 771 1634 815 verum
1708 748 2072 838 aliquando
2147 751 2245 815 eis
2317 751 2554 837 negari

290 861 599 942 debebit,
636 863 696 928 si
734 885 979 952 nempe
1008 864 1149 929 sint
1168 863 1435 950 publici
1454 871 1870 950 peccatores,
1907 886 1989 928 ex
2018 863 2190 929 infra
2221 863 2546 932 dicendis,

382 977 457 1040 2⁰
490 978 593 1042 De
630 978 987 1044 interdicto
1019 1000 1045 1045 .·

386 1113 450 1156 a.
496 1091 925 1158 Prohibitum
956 1099 1063 1158 est
1090 1093 1251 1158 dare
1290 1093 1712 1181 sepulturam
1749 1089 2281 1158 ecclesiasticam
2319 1094 2402 1158 iis
2439 1093 2556 1180 qui

297 1212 457 1270 sunt
496 1207 901 1271 nominatim
932 1207 1297 1290 interdicti,
1316 1213 1395 1272 ut
1418 1213 1688 1272 constat
1720 1227 2038 1292 expresse
2069 1213 2216 1272 tum
2244 1229 2390 1295 cap.
2418 1207 2557 1274 Eos

295 1321 441 1406 qui,
476 1319 537 1398 1,
572 1320 673 1384 Dr:
711 1341 1117 1402 surm-rums,
1154 1320 1402 1404 Clem.,
1447 1328 1595 1386 tum
1627 1319 1888 1385 Rituali
1927 1343 2231 1404 romam,
2269 1321 2391 1386 loc.
2437 1323 2549 1386 cit.

294 1470 382 1481 -
437 1433 799 1517 Attamen,
862 1435 931 1498 vi
992 1435 1107 1500 cit.
1170 1433 1373 1500 bullae
1434 1433 1718 1500 Martini
1773 1433 1856 1516 V,
1924 1441 2004 1500 ut
2061 1441 2414 1501 teneamur
2474 1435 2556 1500 iis

296 1569 547 1634 negare
608 1549 1059 1637 sepulturam,
1126 1549 1492 1636 requiritur
1549 1549 1827 1613 omnino
1879 1556 1956 1613 ut
2016 1548 2358 1615 interdicti
2419 1550 2558 1614 sint

298 1661 681 1727 denuntiati
718 1669 787 1728 et
824 1662 1107 1752 proinde
1144 1663 1427 1728 vitandi.

382 1777 457 1846 h.
506 1776 837 1864 Tempore
888 1777 1233 1843 interdicti
1286 1777 1547 1860 localis,
1596 1777 1744 1842 sive
1793 1777 2164 1862 qeneralis,
2218 1777 2361 1843 sive
2406 1799 2558 1862 spe-

298 1891 519 1974 cialis,
564 1891 731 1957 item
767 1889 1183 1978 prohibitum
1221 1897 1328 1956 est
1368 1890 1529 1956 dare
1568 1890 1992 1978 sepulturam
2031 1889 2558 1956 ecclesiasticam

300 2004 649 2086 fidelibus,
698 2005 769 2069 in
818 2005 967 2070 loco
1016 2005 1408 2085 interdicte,
1460 2004 1764 2092 exceptis
1812 2003 2105 2086 clericis,
2161 2011 2240 2070 ut
2291 2012 2560 2072 constat

306 2142 453 2207 cap.
506 2118 703 2194 Quod
750 2120 820 2183 in
868 2127 963 2202 te,
1016 2121 1133 2200 11,
1186 2121 1289 2184 ΒΕ
1336 2139 1744 2184 POENITENTHS
1804 2137 1882 2184 m·
1928 2139 2438 2202 mlssmmmffl,
2492 2127 2559 2184 et

302 2233 566 2298 Rituali
596 2255 901 2318 romanO,
948 2233 1071 2299 loc.
1106 2234 1221 2301 cit.
1234 2251 1267 2317 ,·
1306 2233 1458 2315 scd,
1496 2233 1776 2315 iterum,
1821 2233 1892 2298 vi
1918 2231 2124 2298 bullae
2163 2233 2442 2298 Martini
2469 2234 2554 2314 V,

301 2370 440 2411 non
471 2354 784 2412 tenemur
812 2369 1125 2412 recusare
1164 2347 1620 2435 sepulturam„
1655 2347 1788 2412 nisi
1823 2347 1996 2412 illud
2033 2347 2247 2412 locale
2287 2347 2564 2413 interdi-

301 2469 487 2527 ctum
536 2460 627 2527 sit
668 2462 1090 2528 declaratum
1128 2468 1196 2527 et
1235 2463 1736 2529 denuntiatum.

394 2690 586 2759 219.
622 2728 711 2739 —-
746 2690 1083 2759 Ratione
1125 2690 1515 2758 haereticae
1557 2689 2006 2776 pravitatis.
2045 2724 2132 2737 -—
2171 2688 2318 2753 Hoc
2362 2687 2562 2751 titulo

300 2804 649 2892 sepultura
688 2804 1145 2869 ecclesiastica
1181 2803 1537 2890 privantur
1574 2801 1874 2868 haeretici
1891 2854 1908 2884 ,
1952 2801 2252 2868 fautores
2294 2801 2563 2868 haereti-

298 2941 531 2984 corum
550 2970 566 2999 ‚
610 2925 941 3006 apostatae
983 2924 1053 2983 et
1090 2917 1297 2983 etiam
1337 2916 1714 3005 saepissime
1743 2915 2190 2984 schismatici.

394 3032 463 3095 10
508 3032 607 3097 De
667 3032 1015 3096 haereticis.
1080 3030 1402 3096 Haeretici
1448 3032 1847 3116 puniuntur
1892 3032 2276 3116 privatione
2334 3032 2562 3117 sepul-

304 3156 475 3212 turae
504 3146 975 3211 ecclesiasticae.
1010 3184 1099 3194 —
1128 3143 1414 3210 Constat
1448 3164 1465 3211 2
1504 3145 1565 3211 1.
1604 3145 1707 3211 Ex
1737 3166 1816 3210 eo
1847 3145 2032 3233 quod
2059 3145 2201 3211 sint
2231 3147 2374 3234 ipso
2389 3148 2561 3232 jure

302 3260 865 3325 excommunicati
924 3260 1041 3348 (ex
1095 3258 1333 3325 multis
1394 3258 1698 3323 textibus
1745 3258 1956 3345 juris,
2019 3283 2087 3325 v.
2141 3282 2239 3346 g.,
2304 3259 2407 3323 Pii
2468 3259 2560 3323 IX

301 3382 523 3441 const.
556 3374 961 3460 Apostolicae
998 3372 1191 3438 Sedis
1201 3423 1224 3456 ‚
1258 3395 1369 3438 an.
1410 3371 1606 3455 1869,
1643 3372 1740 3438 De
1769 3394 2058 3455 excom„
2097 3375 2132 3456 ἓ
2173 3375 2236 3455 1,
2272 3378 2400 3439 art.
2441 3375 2472 3437 1
2496 3375 2550 3461 );

300 3496 501 3578 porro
536 3487 1135 3569 excommunicati,
1176 3494 1254 3552 ut
1292 3510 1499 3576 supra
1532 3487 2078 3553 demonstratum
2111 3493 2216 3553 est
2231 3539 2246 3569 ,
2281 3488 2556 3575 privan-

298 3610 409 3669 tur
452 3602 803 3691 sepultura
845 3601 1339 3682 ecclesiastica;
1386 3639 1477 3651 —
1517 3602 1583 3667 2.
1631 3601 1735 3667 Ex
1780 3602 1922 3687 ipso
1960 3600 2205 3668 delicto
2249 3601 2550 3685 haeresis,

296 3724 365 3781 et
441 3718 963 3802 independenter
1036 3716 1123 3781 ab
1197 3716 1884 3781 excommunicatione
1934 3737 1960 3781 .·
2027 3716 2212 3803 quod
2276 3715 2556 3781 maximi

296 3830 626 3896 momenti
662 3836 801 3910 est;
853 3830 911 3895 si
958 3830 1141 3895 enim
1187 3828 1520 3911 haeretici,
1564 3836 1642 3895 ut
1695 3828 1972 3917 quidam
2020 3828 2372 3912 dixerunt,
2417 3852 2553 3893 non

294 3946 433 4011 sint
470 3943 747 4011 arcendi
782 3967 821 4009 a
862 3943 1211 4033 sepultura
1250 3942 1712 4009 ecclesiastica
1729 3996 1746 4027 ‚
1789 3942 1924 4008 nisi
1967 3943 2126 4033 quia
2167 3965 2554 4009 excommu-

294 4059 533 4140 nicati,
600 4081 739 4123 non
802 4066 1115 4124 tenemur
1179 4080 1296 4122 eos
1364 4080 1592 4123 arcere
1660 4080 1698 4122 a
1764 4059 2148 4147 sepultura,
2219 4057 2352 4121 nisi
2414 4057 2554 4123 sint

294 4172 708 4257 denuntiati,
747 4178 827 4237 ut
860 4172 1116 4237 dictum
1142 4177 1283 4253 est;
1318 4170 1377 4236 si
1406 4177 1635 4237 autem
1663 4172 1936 4235 arcendi
1967 4172 2106 4237 sint
2135 4195 2173 4237 a
2201 4170 2552 4259 sepultura

294 4309 377 4351 ex
412 4287 554 4373 ipso
590 4287 837 4352 delicto
873 4286 1176 4369 haeresia,
1206 4284 1456 4350 sufficit
1494 4282 1677 4372 quod
1711 4284 1796 4349 de
1835 4285 1963 4350 hoc
2001 4284 2250 4352 delicto
2287 4294 2554 4353 constet
