3192 5025
629 485 700 540 32
1529 488 1621 538 DE
1659 487 1923 540 ECCLESl
1934 489 1990 539 18

627 633 715 697 ad
753 631 1246 697 consecrandas
1283 630 1606 696 ecclesias
1642 653 1834 712 suas;
1880 631 1949 696 hi
1989 633 2169 698 enim
2211 642 2371 699 sunt
2409 643 2601 702 extra
2638 659 2880 726 quam-

627 745 794 810 libet
832 744 1204 810 dioecesim,

716 859 784 922 4⁰
829 859 1002 924 Sede
1051 857 1416 946 episcopali
1465 865 1784 940 vacante,
1829 858 2139 924 Vicarius
2188 859 2601 948 Capitularis
2651 871 2879 951 potest

625 994 866 1036 vocare
931 969 1305 1059 quemlibet
1379 971 1773 1060 episcopum
1839 972 1925 1036 ad
1990 973 2487 1040 consecrandas
2552 977 2877 1043 ecclesias

625 1084 976 1164 dioecesis;
1021 1084 1080 1148 si
1117 1084 1207 1149 sit
1246 1085 1390 1170 ipse
1430 1084 1799 1172 episcopali
1836 1092 2173 1150 caractere
2216 1087 2604 1175 insignituS‚
2648 1096 2879 1177 potest

625 1198 862 1287 procul
913 1196 1118 1262 dubio
1170 1220 1562 1262 consecrare
1610 1197 1933 1262 ecclesias
1981 1198 2317 1266 dioecesis,
2360 1240 2449 1249 -
2495 1201 2723 1284 Unde,
2778 1204 2871 1286 si,

621 1311 781 1377 sede
809 1317 1126 1392 vacante,
1161 1309 1538 1397 Regulares
1567 1311 1784 1374 velint
1813 1333 2207 1377 consecrare
2236 1313 2626 1395 ecclesiam,
2661 1317 2877 1382 teneri

621 1425 942 1490 videntur
986 1445 1330 1489 recurrere
1378 1423 1466 1489 ad
1510 1423 1840 1490 vicarium
1887 1426 2365 1514 capitularem,
2408 1428 2525 1516 qui
2563 1428 2872 1510 vocabit,

622 1561 825 1626 quem
864 1537 1190 1618 voluerit,
1235 1537 1651 1625 episcopum.

1179 1847 1216 1921 ἓ
1252 1848 1320 1905 3.
1365 1848 1472 1904 De
1509 1846 1679 1920 ipsa
1715 1846 2306 1906 consecratione.

713 2066 845 2134 13.
877 2105 964 2114 —
1001 2065 1490 2152 Praeparatio
1527 2065 2148 2132 consecrationis
2186 2065 2325 2153 (De
2368 2065 2676 2151 reliquiis
2714 2087 2873 2154 age-

617 2185 731 2244 tur
766 2178 836 2242 in
876 2179 1154 2264 speciali
1191 2178 1392 2243 titulo
1431 2179 1529 2242 De
1567 2179 1834 2264 altari).

709 2296 778 2356 10
815 2293 1002 2376 Dies,
1047 2315 1179 2379 qua
1217 2292 1363 2356 fieri
1401 2292 1619 2380 possit
1656 2291 2071 2356 consecratio
2108 2311 2123 2358 :

704 2429 766 2470 a.
801 2406 899 2469 De
924 2406 1095 2490 jure
1132 2406 1507 2488 communi,
1542 2403 1846 2492 qualibet
1885 2405 1992 2469 die
2031 2410 2258 2493 potest
2290 2404 2667 2493 Episcopus
2706 2427 2869 2469 con-

615 2542 875 2585 secrare
923 2520 1268 2586 ecclesias.
1312 2558 1399 2567 —
1438 2518 1725 2584 Constat
1764 2542 1911 2607 cap.
1968 2519 2109 2583 Tua
2148 2520 2582 2603 fraternitas,
2640 2519 2715 2601 2,
2764 2520 2867 2584 DE

613 2653 1120 2699 commum-lons
1164 2652 1516 2698 schEsm:
1573 2658 1606 2692 «
1654 2631 1730 2697 In
1784 2632 2058 2696 dioecesi
2111 2638 2227 2695 tua
2275 2631 2432 2696 licet
2478 2630 2605 2695 tibi
2653 2632 2867 2697 eccle—

613 2747 732 2811 siis
781 2746 1274 2811 dedicationem
1327 2746 1718 2832 impendere
1774 2754 1913 2810 tam
1959 2745 2197 2809 diebus
2248 2746 2601 2810 dominicis
2652 2768 2863 2832 quam

603 2862 913 2947 privati-3.
964 2888 994 2921 »
1461 2878 1494 2909 ae

701 2976 769 3039 h.
815 2974 1174 3053 Attamen,
1218 2979 1297 3036 ut
1343 2972 1435 3037 ait
1475 2973 1871 3057 Pontificale
1910 2974 2293 3037 Romanum
2335 2973 2439 3061 (P.
2489 2970 2585 3053 II,
2631 2974 2699 3037 in
2745 2974 2853 3038 tit.

608 3088 707 3152 De
736 3088 1015 3151 ecclcsiae
1045 3084 1490 3173 dedicatione)
1521 3104 1536 3151 ε
1573 3112 1606 3145 «
1642 3084 2100 3150 Ecclesiarum
2132 3086 2575 3167 consecratiO,
2620 3108 2857 3173 quam-

608 3203 714 3266 vis
752 3200 939 3266 omni
976 3199 1085 3265 die
1115 3199 1197 3263 de
1227 3199 1379 3287 jure
1419 3200 1562 3263 fieri
1600 3200 1850 3287 possit,
1886 3200 2223 3265 decentius
2260 3206 2490 3265 tamen
2529 3199 2599 3263 in
2646 3201 2859 3264 domi-

611 3316 775 3380 nicis
813 3315 1049 3379 diebus
1085 3313 1197 3377 vel
1233 3321 1625 3377 sanctorum
1661 3312 2203 3377 solemnitatibus
2243 3312 2340 3378 fit.
2390 3341 2422 3375 »

697 3430 769 3493 2⁰
817 3429 1175 3515 Jejunium
1233 3428 1338 3491 die
1384 3428 1815 3512 praecedenti.
1873 3466 1963 3475 --
2015 3427 2239 3492 Pridie
2292 3430 2851 3511 consecrationiS,

597 3545 908 3633 jejunare
965 3540 1217 3607 debent
1271 3546 1420 3605 tum
1481 3542 1839 3629 episcopus
1896 3563 2303 3605 consecrans
2363 3548 2513 3606 tum
2580 3542 2680 3606 illi
2737 3544 2857 3631 qui

603 3661 849 3745 petunt
882 3654 1236 3720 ecclesiam
1274 3652 1405 3719 sihi
1445 3654 1847 3719 consecrari.
1892 3693 1981 3703 —-
2018 3652 2306 3719 Constat
2346 3678 2430 3720 ex
2466 3656 2855 3741 Pontificali

603 3772 906 3835 Romano
918 3820 940 3853 ,
996 3768 1126 3833 loc.
1185 3768 1330 3849 cit.,
1373 3765 1491 3832 ubi
1538 3768 1634 3831 ait
1673 3785 1688 3831 :
1754 3794 1785 3827 «
1830 3768 2155 3852 Pontifex
2200 3790 2593 3833 consecrans
2630 3777 2700 3834 et
2736 3770 2854 3858 qui

594 3890 843 3970 petunt
895 3880 1237 3945 ecclesiam
1287 3880 1419 3944 sihi
1465 3881 1874 3964 consecrari,
1925 3880 2335 3967 praecedenti
2384 3881 2491 3945 die
2538 3882 2852 3969 jejunare

603 3994 876 4061 debent.
922 4021 954 4055 »
1008 3992 1146 4060 Sed
1207 3993 1310 4057 illi
1371 4000 1639 4057 tantum
1686 3993 1996 4081 jejunare
2048 3998 2393 4079 tenentur,
2450 4002 2527 4060 ut
2582 4004 2853 4061 constat

601 4094 982 4175 hoc‘textu
1045 4114 1112 4171 et
1171 4104 1481 4193 pluribus
1540 4105 1997 4171 decisionibus
2058 4105 2127 4172 S.
2192 4107 2330 4173 Rit.
2394 4106 2708 4195 Congr.¹.
2762 4148 2852 4159 —

663 4294 682 4329 ¹
715 4294 781 4343 V.
809 4310 879 4358 g.,
912 4293 965 4341 in
999 4289 1365 4350 Mechlinien„
1403 4296 1462 4340 19
1492 4292 1591 4355 jul.
1634 4296 1783 4351 17803
1815 4292 2044 4341 Decreta
2073 4291 2416 4349 authentica,
2448 4308 2498 4341 n.
2538 4297 2685 4352 2519,
2720 4298 2759 4342 t.
2790 4310 2849 4355 11,
