3192 5025
606 491 696 541 DE
734 489 1151 542 lMMUNlTATE
1188 488 1650 542 ECCLESIARUM
1686 488 1770 540 AB
1807 489 2038 541 USIBUS
2078 489 2407 540 PROFANIS
2559 486 2626 539 89

464 635 534 701 3⁰
571 635 1045 700 Prohibentur
1081 635 1150 700 in
1189 634 1475 699 ecclesiis
1509 660 1541 694 «
1579 633 2096 716 universitatum
2134 641 2199 696 et
2234 633 2628 698 societatum

365 749 845 835 quarumlibet
890 749 1207 832 concilia,
1260 748 1603 812 conciones
1649 755 1713 812 et
1753 747 2037 832 publica
2074 747 2510 832 parlamenta
2561 773 2620 811 ».

364 901 461 912 -
509 864 687 930 Sunt
737 863 885 951 ipsa
938 861 1153 928 verba·
1204 861 1512 949 ejusdem
1570 883 1719 949 cap.
1780 862 2005 927 Decet.
2059 861 2211 925 Non
2270 867 2498 925 tamen
2556 861 2626 924 in

364 977 498 1042 hac
548 976 1004 1066 prohibitione
1056 975 1730 1064 comprehenduntur
1779 973 1881 1038 illi
1932 980 2149 1040 coetus
2201 981 2319 1040 aut
2355 975 2626 1040 concio-

361 1113 528 1171 nes,
573 1114 861 1179 quorum
892 1091 1055 1174 finis
1092 1091 1255 1179 pius
1302 1097 1439 1171 est,
1494 1089 1563 1154 id
1611 1096 1752 1170 est,
1795 1095 1872 1154 ut
1924 1088 2097 1154 infra
2135 1088 2415 1172 dicitur,
2461 1111 2626 1177 quo-

362 1227 523 1270 rum
564 1204 720 1270 finis
758 1204 1049 1271 refertur
1084 1205 1167 1270 ad
1207 1206 1438 1290 fidem,
1477 1205 1898 1290 religionem,
1935 1203 2470 1268 misericordiam
2507 1179 2625 1269 aut

362 1320 800 1384 charitatem.
836 1318 939 1385 Ita
971 1343 1243 1401 omneS,
1278 1342 1361 1383 ex
1396 1318 1744 1384 communi
1772 1318 2329 1406 interpretatione
2359 1324 2428 1384 et
2464 1341 2616 1383 usu.

460 1432 529 1496 4⁰
565 1433 1039 1499 Prohibentur·
1077 1435 1144 1498 in
1192 1434 1481 1499 ecclesiis
1519 1455 1748 1498 omnes
1797 1432 2152 1497 saeculares
2187 1433 2500 1497 actiones.
2533 1470 2624 1481 —

360 1546 661 1614 Constat
716 1571 906 1616 conc.
960 1548 1173 1629 Trid.‚
1232 1548 1502 1613 decreto
1567 1546 1836 1623 Quanta
1892 1569 2090 1630 cura,
2160 1568 2330 1611 sess,
2391 1545 2617 1628 XXII,

358 1661 466 1726 De
503 1662 936 1728 observandis
982 1670 1047 1728 et
1092 1662 1421 1728 evitandis
1469 1662 1539 1726 in
1586 1661 2030 1726 celebratione
2084 1661 2328 1743 missae,
2372 1659 2442 1724 in
2486 1682 2621 1748 quo

358 1775 485 1857 ait,
527 1779 562 1860 5
606 1777 862 1842 Deinde
888 1799 915 1843 .·
958 1804 989 1838 «
1039 1776 1150 1841 Ab
1202 1775 1507 1842 ecclesiis
1559 1799 1720 1840 vero
1773 1775 2066 1841 musicas
2109 1797 2256 1855 eae,
2307 1773 2426 1839 ubi
2476 1773 2621 1839 sive

360 1912 656 1977 organ0‚
700 1891 846 1955 sive
893 1897 1101 1956 cantu
1145 1889 1478 1955 lascivum
1516 1895 1636 1955 aut
1680 1889 2021 1977 impurum
2070 1887 2328 1976 aliquid
2375 1887 2622 1952 misce-

360 2009 501 2082 tur,
546 2003 714 2070 item
749 2005 1101 2070 saeculares
1150 2027 1379 2069 omnes
1425 2005 1748 2088 actiones,
1792 2025 1966 2068 vana
2007 2009 2212 2090 atque
2260 2001 2430 2066 adeo
2467 2022 2622 2088 pro-

360 2114 523 2180 fana
606 2117 946 2206 colloquia
973 2171 989 2200 ,
1080 2117 1668 2183 deambulationes
1695 2169 1710 2198 ‚
1801 2116 2161 2205 strepituS‚
2250 2114 2613 2186 clamores,

356 2237 643 2296 arceant
672 2229 1073 2321 (episcopi).
1123 2259 1156 2293 »
1191 2233 1291 2298 De
1330 2255 1465 2320 quo
1505 2232 1883 2297 notandum
1916 2250 1932 2298 2

452 2368 517 2410 a.
553 2344 923 2411 Saeculares
962 2346 1267 2412 actiones
1304 2353 1746 2434 opponuntur
1782 2343 2164 2410 actionibus
2193 2346 2331 2430 piis
2339 2363 2370 2429 ,·
2407 2344 2619 2410 actio-

354 2481 495 2525 nes
536 2465 765 2525 autem
803 2460 937 2546 piae
974 2483 1071 2527 eae
1118 2467 1279 2527 sunt
1316 2483 1605 2549 quarum
1656 2458 1812 2526 finis
1852 2457 2042 2546 (finis
2080 2482 2326 2549 nempe
2364 2459 2614 2545 operis,

358 2596 503 2639 non
540 2574 726 2639 enim
764 2574 1137 2641 attenditur
1175 2575 1330 2641 finis
1368 2575 1744 2663 operantis)
1787 2574 2076 2641 refertur
2111 2574 2224 2639 vel
2263 2573 2349 2639 ad
2384 2574 2615 2658 fidem,

352 2694 441 2753 ut
476 2687 975 2777 disputationes
1014 2696 1131 2753 aut
1166 2689 1635 2777 praeleetiones
1672 2689 1756 2754 de
1795 2690 2076 2755 scientia
2115 2711 2338 2769 sacra,
2381 2687 2493 2752 vel
2531 2686 2618 2752 ad

349 2802 802 2887 reliqionem,
873 2809 951 2868 ut
1016 2802 1405 2890 spectacula
1471 2804 1584 2891 pia
1611 2806 1656 2885 ¹,
1727 2803 1840 2868 vel
1906 2803 1993 2868 ad
2044 2804 2449 2868 charitatem
2502 2806 2620 2866 aut

358 2916 903 2981 misericordiam
959 2916 1381 3003 spiritualem
1445 2917 1559 2982 vel
1619 2917 2038 3005 corporalem
2055 2968 2070 2999 ,
2136 2922 2213 2982 ut
2264 2915 2464 2981 multi
2525 2913 2618 3003 pii

354 3014 609 3095 coetus.
661 3028 859 3115 Unde
910 3030 1017 3094 hae
1068 3030 1370 3097 actiones
1420 3030 1549 3120 piae
1600 3030 2087 3120 permittuntur
2123 3031 2193 3095 in
2233 3030 2538 3096 ecclesiis
2561 3032 2612 3109 ’ς

354 3141 815 3231 prohibentur
859 3166 1053 3225 vero,
1097 3145 1213 3211 cit.
1256 3152 1451 3211 textu
1498 3144 1767 3210 concilii
1821 3145 2031 3226 Trid.‚
2075 3146 2376 3211 actiones
2411 3166 2619 3209 saecu-

360 3258 578 3340 lares,
621 3255 787 3322 licet
823 3259 1235 3347 caeteroquin
1269 3259 1474 3325 utiles
1522 3266 1589 3325 et
1637 3259 1973 3341 honestae,
2016 3266 2093 3326 ut
2131 3257 2620 3325 deambulatio-

349 3393 502 3454 nes,
544 3372 1075 3457 comessationes,
1119 3380 1249 3439 ete.

453 3485 523 3551 h.
568 3486 635 3550 A
675 3483 939 3551 fortiori
983 3486 1432 3574 prohibentur
1468 3486 1772 3553 actiones
1818 3510 2001 3553 vanae
2044 3494 2112 3553 et
2148 3491 2496 3573 profanae,
2543 3492 2619 3552 ut

352 3596 541 3678 ludi,
584 3597 1006 3686 spectacula,
1050 3606 1181 3666 etc.
1645 3672 1662 3691 ‚
1981 3594 1984 3599 ¹

454 3712 523 3777 5⁰
559 3712 1032 3779 Prohibentur
1060 3715 1130 3779 in
1167 3714 1453 3780 ecclesiis
1489 3715 2074 3801 confabulationes
2111 3724 2177 3781 et
2213 3738 2382 3781 vana
2419 3714 2621 3781 collo-

334 3826 555 3912 quia.
596 3864 685 3875 ——-
724 3826 1011 3893 Constat
1047 3835 1197 3894 tum
1248 3828 1362 3894 cit.
1414 3834 1611 3894 textu
1667 3851 1855 3895 conc.
1914 3829 2126 3908 Trid.‚
2169 3868 2258 3879 —
2303 3838 2449 3896 tum
2497 3829 2612 3895 cit.

427 3986 446 4020 ¹
484 3986 662 4045 Rem„
697 3988 797 4037 loc.
816 3987 931 4051 cit„
958 4004 1011 4038 n.
1039 3995 1125 4050 193
1147 4017 1207 4025 —
1228 3990 1546 4053 Schmalzg„
1577 3990 1678 4039 loc.
1701 3990 1812 4049 cit„
1846 4006 1898 4040 n.
1926 3993 2012 4051 8⁴;
2043 4017 2106 4029 -
2134 3990 2354 4050 Suet-ez,
2386 3992 2462 4041 De
2493 3991 2620 4041 reli-

340 4062 555 4129 gione,
589 4065 690 4115 loc.
721 4065 834 4125 cit„
866 4083 915 4116 c.
946 4082 1029 4129 vi,
1059 4084 1115 4117 ιι.
1140 4071 1188 4117 4.

428 4142 451 4177 ²
484 4144 711 4194 Addunt
746 4148 1111 4196 communiter
1146 4150 1397 4197 auctores
1437 4148 1682 4209 permitti
1726 4149 1780 4196 in
1819 4148 2064 4197 ecclesiis
2104 4148 2452 4197 collationem
2493 4163 2618 4212 gra-

354 4220 534 4270 duum
562 4223 856 4287 magisterii
882 4212 978 4274 au't
998 4226 1334 4275 doctoratus.
1366 4225 1546 4286 ΒιιὶίῖἼ
1576 4223 1742 4285 ibid.,·
1764 4252 1821 4264 —
1843 4226 2160 4291 Schmalzg„
2194 4226 2293 4276 loc.
2319 4226 2431 4285 cit„
2455 4242 2506 4275 n.
2530 4232 2620 4288 803

352 4323 429 4337 —
456 4297 678 4361 suarez,
709 4301 788 4351 De
818 4302 1112 4367 religione,
1142 4302 1242 4352 loc.
1270 4302 1382 4363 cit„
1414 4319 1464 4352 c.
1494 4318 1567 4364 iv,
1599 4318 1652 4352 n.
1684 4308 1763 4352 15.
