3192 5025
1014 1104 1738 1172 DOCUMENTUM
1804 1104 1871 1169 ΙΙ

358 1331 423 1392 S.
466 1331 725 1392 Rituum
776 1331 1305 1414 Conyreyationis
1356 1331 1678 1392 decretum.
1723 1330 2020 1413 yenerale
2069 1325 2528 1390 Celebratiom‘s

477 1428 779 1507 festorum
816 1427 1085 1488 Patroni
1116 1427 1267 1505 Ioci,
1304 1427 1740 1489 Dedicatiom's
1769 1447 1844 1488 ac
1872 1425 2078 1486 Tituli
2106 1422 2404 1485 ecclesiae.

1208 1529 1250 1583 9
1273 1524 1414 1605 julii
1456 1526 1606 1584 1895
1629 1524 1672 1584 ¹.

398 1817 590 1890 Cum,
624 1817 792 1877 haud
840 1818 1233 1878 obstantibus
1283 1820 1549 1879 decretis
1590 1817 1876 1898 pluribus
1915 1816 2152 1877 dudum
2192 1837 2226 1875 a
2263 1816 2324 1875 S.
2369 1814 2449 1874 R.
2495 1813 2566 1874 C.

321 1913 645 1983 emanatiS,
664 1912 943 1972 nondum
970 1913 1119 1973 satis
1147 1921 1389 1975 constet
1411 1913 1575 1995 apud
1604 1913 1974 1994 interpretes
1997 1911 2148 1993 quid
2161 1911 2320 1992 juris
2351 1910 2572 1969 habea-

320 2015 423 2068 tur
450 2008 615 2067 circa
646 2008 1128 2068 celebrationem
1162 2009 1349 2068 trium
1380 2009 1686 2070 festorum
1705 2058 1719 2083 ,
1752 2030 1892 2090 quae
1922 2009 1986 2067 in
2016 2008 2169 2067 locis
2200 2007 2572 2067 solemniora

320 2111 466 2164 sunt
507 2104 689 2184 juxta
739 2104 1048 2179 rubricam,
1082 2105 1298 2165 eadem
1344 2105 1407 2166 S.
1457 2105 1534 2164 R.
1581 2104 1653 2165 C.
1698 2105 2010 2186 praeterita
2057 2111 2280 2164 cuncta
2323 2101 2572 2162 decreta

322 2200 437 2259 hac
494 2221 681 2280 super
737 2201 993 2260 materia
1052 2200 1374 2281 hueusque
1433 2199 1687 2279 vulgata
1735 2220 2044 2260 renovans
2106 2206 2168 2258 et
2219 2198 2569 2271 declaram,

324 2295 605 2356 decernit
631 2314 652 2354 .·

401 2393 449 2451 1.
488 2391 740 2451 Festum
780 2393 1075 2473 praecipui
1116 2392 1372 2452 Patroni
1414 2393 1564 2468 loci,
1609 2393 1708 2453 vel
1748 2392 2034 2452 dioecesis
2083 2392 2133 2450 si
2183 2391 2576 2471 particularis

322 2508 443 2548 non
477 2487 801 2563 habeatur,
836 2488 1273 2549 celebrandum
1306 2509 1439 2549 esse
1470 2488 1547 2549 ab
1574 2488 1866 2550 omnibus
1897 2495 1960 2548 et
1985 2487 2245 2567 singulis
2275 2486 2351 2547 de
2382 2486 2572 2561 clero,
2609 2538 2612 2543 .

320 2584 397 2643 ad
430 2584 617 2643 horas
645 2584 977 2646 canonicas
1007 2583 1328 2664 obligatis,
1363 2584 1469 2665 qui
1502 2585 1722 2645 eodem
1750 2585 1812 2643 in
1843 2585 1982 2645 loco
2014 2584 2273 2663 degunt,
2305 2582 2421 2642 sub
2451 2583 2572 2642 ritu

320 2680 555 2761 duplici
587 2680 802 2760 primae
828 2680 1041 2739 classis
1070 2702 1105 2739 a
1136 2680 1416 2740 saeculari
1447 2701 1587 2740 cum
1617 2688 1858 2754 octava,
1889 2680 2236 2759 aRegulari
2262 2699 2411 2738 vero
2443 2679 2574 2737 sine

320 2784 563 2835 octava.
598 2775 778 2844 Quod
824 2777 873 2835 si
914 2776 1123 2857 plures
1165 2776 1515 2836 habeantur
1557 2777 1622 2836 in
1665 2778 1804 2837 loco
1847 2776 2096 2858 patroni
2137 2797 2312 2856 aeque
2345 2775 2572 2855 prinei-

323 2872 522 2952 pale5‚
570 2872 647 2931 ad
710 2872 954 2951 singula
1012 2872 1374 2933 eorumdem
1436 2872 1593 2933 festa
1613 2920 1627 2947 ‚
1679 2873 1942 2954 praefato
1995 2871 2364 2932 celebranda
2415 2872 2570 2943 ritu,

323 2988 539 3027 omnes
582 2976 651 3028 ut
689 2989 873 3048 supra
916 2968 1201 3027 similiter
1244 2976 1606 3042 teneantur3
1649 2970 1699 3028 si
1745 2988 1897 3028 vero
1935 2969 2012 3027 de
2051 2968 2270 3029 eodem
2311 2976 2574 3049 patrono

323 3064 500 3143 plura
532 3064 657 3122 sint
689 3064 845 3123 festa
876 3065 937 3123 in
970 3065 1109 3123 loco
1141 3065 1457 3138 instituta,
1492 3086 1686 3124 unum
1718 3072 1962 3124 'tantum
1993 3064 2353 3137 solemniu5‚
2387 3063 2448 3123 id
2481 3071 2576 3123 est

324 3158 707 3235 natalitium,
736 3159 885 3219 dicti
919 3160 1261 3239 Regulares
1303 3160 1612 3233 recolent,
1657 3161 1770 3219 nisi
1813 3159 1927 3219 sub
1964 3166 2228 3239 utroque
2262 3164 2574 3238 praecepto

324 3256 447 3314 sint
476 3255 897 3329 observanda;
930 3264 1081 3316 tunc
1110 3258 1276 3317 enim
1315 3257 1393 3316 ad
1425 3257 1529 3317 illa
1561 3256 1810 3337 ipsimet
1843 3256 2184 3335 Regulares
2212 3254 2570 3332 adiguntur.

404 3351 485 3410 11.
515 3350 752 3410 Eodem
771 3352 893 3411 ritu
917 3351 1149 3432 duplici
1175 3352 1390 3433 primae
1415 3352 1630 3412 classis
1652 3373 1793 3412 eum
1819 3358 2036 3411 octava
2065 3350 2364 3411 celebrari
2390 3350 2577 3408 debet

322 3446 552 3507 festum
584 3446 925 3508 solemnius
956 3448 1249 3509 Titularis
1280 3449 1555 3508 ecclesiae
1596 3449 1674 3509 ab
1705 3450 1779 3509 iis
1809 3449 2100 3508 omnibus
2139 3470 2172 3507 e
2203 3447 2402 3519 clero,
2436 3445 2575 3526 qui-

322 3544 440 3603 bus
471 3542 687 3603 eadem
718 3544 991 3604 ecclesia‘
1016 3546 1265 3625 propria
1298 3553 1422 3619 est,
1458 3552 1565 3605 aut
1596 3546 1836 3605 ratione
1873 3544 2159 3604 beneficii
2197 3549 2306 3603 aut
2335 3543 2574 3603 ratione

328 3639 769 3719 subjectionis;
803 3640 959 3700 adeo
992 3648 1060 3700 ut
1092 3641 1312 3701 eodem
1340 3641 1456 3701 sub
1477 3641 1599 3701 ritu
1622 3642 1990 3701 recolendus
2021 3641 2103 3701 sit
2121 3640 2308 3700 etiam
2330 3640 2575 3699 Titulus

325 3735 698 3796 cathedralis
729 3736 1005 3796 ecclesiae
1032 3737 1109 3796 ab
1131 3738 1425 3797 universo
1447 3737 1615 3797 clero
1649 3738 1838 3797 totius
1867 3737 2173 3811 dioeeesis‚
2199 3736 2330 3796 sine
2357 3744 2574 3796 octava

327 3839 533 3892 tamen
563 3853 598 3892 a
626 3832 945 3912 Regulari.

410 3928 523 3987 111.
561 3928 1071 3989 Anniversarium
1104 3950 1253 3990 vero
1285 3930 1696 3991 dedicationis
1728 3931 2005 3991 ecclesia}
2047 3930 2266 3990 eodem
2307 3929 2423 3989 sub
2453 3930 2576 3987 ritu

328 4023 405 4081 ab
434 4024 603 4083 omni
634 4024 801 4085 clero
840 4026 1175 4101 recolatur,
1209 4027 1315 4108 qui
1344 4027 1424 4086 ad
1454 4026 1736 4087 eamdem
1777 4026 2129 4101 ecclesiam,
2166 4027 2255 4086 uti
2293 4024 2577 4105 superius

329 4118 563 4179 dictum
598 4128 722 4193 est,
754 4129 973 4201 utpote
1005 4122 1320 4203 propriam
1352 4123 1643 4203 pertinet.
1679 4123 1858 4191 Quod
1899 4123 1949 4182 si
1980 4122 2162 4183 alicui
2194 4120 2448 4183 dioecesi
2477 4121 2576 4180 vel

392 4298 406 4330 ¹
444 4296 669 4347 Decreta
696 4299 871 4356 auth„
906 4314 957 4347 n.
989 4303 1138 4360 3863,
1169 4303 1208 4351 t.
1238 4316 1318 4360 m,
1352 4316 1403 4364 p.
1438 4305 1545 4351 289.
