3192 5025
1024 477 1111 528 DE
1150 476 1506 527 ORATORIIS
1547 475 1943 527 DOMESTICIS
2503 475 2606 526 157

342 621 679 703 oratori0‚
722 626 949 709 potest
986 619 1203 685 adhuc
1250 619 1425 686 illud
1462 619 1737 686 visitare
1780 620 2138 707 episcopus
2170 639 2185 685 :
2229 621 2409 708 quod
2449 643 2614 685 con·

340 735 653 802 cluditur
687 741 836 800 tum
876 757 961 798 ex
990 756 1180 799 conc.
1215 733 1430 815 Trid.,
1463 733 1763 820 generali
1797 733 2066 799 decreto
2099 731 2366 809 Quanta
2405 757 2602 816 cura,

344 873 522 916 sess.
570 848 796 930 XXII,
836 848 935 913 De
985 848 1418 913 observandis
1465 849 1534 914 in
1582 848 2026 940 celeb-ratione
2073 848 2468 930 missarum,
2521 887 2612 898 —

346 971 504 1030 tum
564 987 649 1029 ex
708 962 876 1051 ipsis
936 961 1261 1028 clausulis
1321 984 1490 1050 quas
1550 961 1986 1049 exponimuS,
2043 983 2194 1050 quae
2250 963 2608 1028 remittunt

344 1079 675 1166 episcopo
714 1076 1138 1142 durationem
1176 1075 1471 1142 licentiae
1495 1078 1540 1143 ¹.

445 1193 515 1258 3⁰
569 1191 774 1257 Juxta
828 1190 952 1256 has
1009 1190 1386 1272 clausulas,
1450 1189 1726 1255 licentia
1785 1189 2110 1255 duratura
2157 1197 2264 1254 est
2318 1190 2614 1255 arbitrio

346 1305 644 1392 episcopi
658 1324 689 1388 ,⁶
737 1304 961 1391 agitur
1016 1303 1123 1368 hic
1174 1303 1258 1369 de
1319 1301 1595 1368 arbitrio
1640 1305 1839 1390 justo
1887 1325 2008 1370 seu
2057 1305 2480 1387 rationabili,
2532 1313 2610 1370 ut

350 1425 581 1508 patet;
640 1418 819 1484 sicut
878 1440 1073 1504 erg0,
1130 1416 1215 1483 ab
1276 1417 1504 1498 initio,
1562 1417 1922 1505 episcopus
1978 1419 2216 1506 nequit
2275 1418 2616 1507 denegare

350 1533 736 1614 licentiam,
780 1532 839 1596 si
884 1530 1115 1596 omnia
1163 1553 1235 1596 se
1284 1535 1466 1595 recte
1514 1527 1811 1595 habeant
1855 1530 1926 1594 in
1973 1530 2300 1612 oratorio,
2343 1532 2437 1597 ita
2485 1555 2610 1598 nec

353 1670 510 1714 eam
557 1646 975 1735 supprimere
1016 1650 1135 1710 aut
1182 1643 1597 1732 suspendere
1635 1648 1894 1731 potest,
1938 1644 1996 1708 si
2043 1644 2272 1710 omnia
2317 1652 2612 1733 pergunt

354 1782 434 1826 se
474 1760 601 1825 rite
640 1758 913 1825 habere.
948 1757 1175 1824 Semel
1214 1763 1441 1824 autem
1480 1779 1844 1846 suppressa
1883 1764 1999 1822 aut
2037 1781 2368 1847 suspensa
2404 1758 2614 1825 licen-

354 1875 491 1955 tia,
539 1875 745 1940 etiam
792 1872 1021 1938 forsan
1068 1870 1647 1953 irrationabiliter,
1691 1870 1900 1936 missa
1947 1873 2240 1960 amplius
2288 1872 2612 1940 celebrari

356 1988 622 2076 nequit.

452 2216 587 2285 87.
648 2253 739 2264 —-
805 2213 1201 2284 Clausulae
1265 2232 1445 2301 quae
1510 2214 1954 2300 respiciunt
2016 2214 2284 2302 ipsum
2349 2215 2614 2284 locum

358 2329 690 2399 oratorii
705 2333 755 2397 ².

452 2469 485 2504 «
530 2444 613 2507 In
639 2444 961 2527 oratorio,
995 2443 1084 2507 ad
1111 2443 1234 2507 hoc
1262 2443 1571 2507 decenter
1602 2467 1798 2509 muro
1827 2451 2136 2508 extructo
2164 2450 2230 2507 et
2258 2451 2610 2531 ornato,...

358 2560 449 2623 ab
488 2559 806 2623 omnihus
843 2558 1220 2622 domesticis
1262 2558 1496 2623 usibus
1536 2559 1772 2624 libero,
1825 2586 1858 2619 »

456 2675 525 2736 1⁰
587 2670 975 2738 Oratorium
1031 2670 1233 2736 debet
1294 2694 1445 2736 esse
1497 2678 1886 2763 extructum
1949 2674 2206 2755 muris,·
2249 2671 2430 2737 unde
2475 2694 2615 2737 non

358 2786 616 2852 sufficit
666 2785 754 2851 ad
804 2784 1175 2851 oratorium
1227 2791 1308 2850 ut
1358 2784 1583 2874 aliqua
1637 2808 1796 2873 pars
1848 2786 2134 2874 alicujus
2185 2784 2480 2851 cubiculi
2531 2784 2624 2852 ab

360 2900 516 2966 aliis
562 2899 873 2988 partibus
922 2906 1275 2988 separetur
1322 2898 1695 2982 asseribus,
1747 2908 1865 2965 aut
1910 2900 2116 2982 velis,
2168 2905 2286 2965 aut
2333 2901 2612 2988 pannis,

358 3015 483 3081 sed
521 3014 960 3102 requiruntur
999 3015 1212 3098 muri,
1258 3013 1326 3077 id
1366 3020 1503 3094 est,
1545 3014 1840 3101 parietes
1878 3038 1963 3080 ex
1997 3014 2256 3101 lapide,
2299 3022 2418 3081 aut
2453 3014 2620 3081 late-

358 3128 551 3192 ribus
588 3128 799 3193 coctis
836 3128 1200 3217 (briques),
1245 3134 1362 3192 aut
1401 3126 1531 3192 alia
1574 3127 1780 3191 simili
1821 3128 2120 3193 materia.
2164 3168 2252 3177 —
2289 3130 2619 3193 Attamen

350 3242 555 3331 juxta
582 3240 1101 3328 probatissimos
1139 3247 1447 3307 auctores
1469 3242 1514 3323 ³,
1550 3240 1896 3308 sufficiunt
1925 3248 2063 3307 tres
2102 3242 2309 3324 muri,
2344 3249 2435 3323 et,
2471 3244 2623 3308 loco

363 3356 625 3444 quarti,
670 3356 798 3419 erit
836 3354 971 3420 tela
1013 3362 1131 3420 aut
1168 3354 1432 3436 velum,
1477 3356 1661 3443 quod
1698 3356 2039 3442 aperiatur
2076 3362 2193 3421 aut
2239 3355 2615 3437 claudatur,

363 3470 743 3535 secundum
781 3469 968 3534 varia
1006 3468 1345 3557 adjuncta.
1389 3508 1477 3517 —
1515 3468 1717 3534 Ratio
1755 3475 1984 3535 autem
2023 3492 2142 3535 cur
2179 3470 2364 3535 muri
2400 3470 2625 3557 requi—

362 3590 635 3665 rantur,
708 3591 813 3649 est
867 3590 946 3647 ut
990 3582 1237 3648 melius
1290 3583 1658 3647 oratorium
1706 3590 2055 3670 separetur
2110 3606 2148 3649 a
2206 3581 2622 3671 quibuslibet

364 3696 607 3763 usibus
642 3698 970 3786 profanis,

458 3812 531 3875 20
570 3810 789 3877 Debet
827 3834 975 3877 esse
1023 3812 1332 3875 decenter
1368 3815 1754 3875 extructum
1803 3810 1872 3874 in
1909 3811 2145 3875 ordine
2183 3812 2272 3876 ad
2309 3813 2582 3876 missam
2593 3829 2624 3893 ,⁹

368 3954 401 3987 «
450 3925 537 3992 ad
577 3926 705 3991 hoc
742 3925 1062 3991 decenter
1098 3930 1439 4005 extructo;
1481 3952 1514 3986 »
1556 3924 1651 3989 ita
1674 3930 1752 3990 ut
1791 3924 2076 3989 formam
2115 3925 2359 3991 referat
2395 3948 2626 4013 parvae

434 4132 453 4165 ¹
488 4130 571 4181 Cf.
604 4131 911 4189 Gatticum,
946 4128 1100 4187 ibid„
1134 4145 1187 4178 n.
1218 4132 1407 4177 11-12.

432 4208 457 4245 ²
492 4208 767 4267 Gatticus,
798 4224 849 4259 c.
882 4222 1024 4257 xxm.

436 4288 459 4323 ²
490 4288 557 4337 V.
590 4304 661 4352 3.,
695 4289 975 4347 Gatticus‚
998 4302 1047 4335 c.
1077 4300 1229 4345 xxm,
1261 4301 1313 4334 n.
1347 4293 1479 4347 23—
1508 4286 1561 4335 S.
1596 4286 1780 4349 Alph„
1813 4287 1905 4334 lib.
1941 4285 2044 4345 111,
2075 4302 2126 4335 n.
2160 4290 2276 4343 318,
2305 4286 2471 4335 claus.
2503 4294 2546 4333 3.
