3192 5025
589 460 694 515 198
1469 462 1558 513 DE
1595 463 1959 514 ALTARIBUS

667 610 732 667 2⁰
763 604 1122 687 Aliquando
1155 612 1360 665 tamen
1390 605 1606 666 altaria
1639 606 1972 687 separatim
2002 606 2081 667 ab
2108 606 2366 667 ecclesia
2392 608 2847 668 consecraban-

591 719 714 784 tur,
763 733 822 770 v.
867 730 954 789 g.,
1000 709 1253 791 quando
1297 730 1526 769 novum
1573 710 1769 769 altare
1814 710 2193 789 erigebatur,
2236 711 2335 771 vel
2382 710 2571 794 hujus
2616 714 2845 773 omissa

590 816 824 887 fuerat,
868 834 1259 896 quacumque
1296 813 1374 873 de
1419 834 1637 887 causa,
1685 816 2094 877 consecratio,
2139 815 2235 875 Ad
2280 816 2441 876 hanc
2483 816 2847 877 distinctam

589 919 1121 979 consecrationem
1163 918 1472 978 referendi
1503 918 1801 978 videntur
1837 918 1943 979 cit.
1987 926 2198 979 textus
2237 920 2649 981 conciliorum
2678 924 2847 1001 Aga-

592 1023 829 1083 thensis
859 1032 920 1083 et
946 1022 1327 1104 Epaonensis
1355 1022 1397 1081 ¹.

675 1244 841 1305 112.
871 1277 952 1287 —
978 1244 1084 1306 De
1109 1242 1318 1304 altari
1347 1242 1692 1321 portatili-
1718 1278 1799 1286 —
1830 1242 2172 1323 Hucusque
2202 1248 2409 1302 actum
2440 1249 2537 1303 est
2559 1242 2636 1302 de
2666 1243 2847 1303 altari

567 1342 845 1428 ‘proprie
883 1346 1086 1421 dicto,
1129 1366 1238 1406 seu
1274 1345 1407 1427 fixo
1435 1353 1498 1405 et
1539 1343 1894 1421 immobili;
1926 1367 2092 1405 nunc
2122 1346 2409 1428 quaedam
2442 1346 2738 1407 historice
2770 1347 2849 1405 de

594 1451 776 1512 altari
795 1448 1122 1531 portanti,
1157 1470 1265 1509 seu
1299 1446 1520 1510 tabula
1547 1447 1745 1509 vicem
1772 1448 1999 1510 altaris
2035 1456 2299 1512 tenente.

680 1559 740 1615 1⁰
791 1556 932 1616 Non
994 1554 1213 1637 loquar
1267 1553 1346 1613 de
1404 1554 1792 1635 temporibus
1852 1555 2390 1635 persecutionum,
2447 1555 2709 1636 quibus,
2766 1555 2850 1615 ob

595 1660 934 1721 instantem
974 1658 1436 1731 necessitatem,
1479 1678 1619 1739 quae
1660 1658 1859 1737 legem
1898 1680 2025 1719 non
2065 1658 2287 1732 habet,
2330 1680 2577 1721 sacrum
2620 1660 2853 1719 sacrifi-

596 1765 761 1826 cium
799 1785 873 1824 eo
908 1763 1049 1824 loco
1089 1770 1152 1823 et
1193 1783 1268 1823 eo
1307 1762 1494 1823 modo
1523 1783 1651 1844 quo
1684 1770 1930 1843 poterat
1968 1762 2366 1823 offerebatur.
2401 1764 2465 1823 S.
2508 1764 2851 1845 Dionysius

597 1868 1056 1929 Alexandrinus
1099 1876 1219 1942 (m.
1264 1888 1320 1928 a.
1364 1866 1517 1942 265)
1551 1865 1803 1927 aiebat:
1853 1892 1881 1923 «
1925 1868 2143 1936 Quivis
2182 1867 2460 1943 locus...‚
2502 1888 2672 1947 ager,
2706 1869 2851 1929 soli-

597 1973 783 2047 tudo,
818 1972 1026 2045 naviS,
1054 1971 1369 2032 stabulum
1389 2018 1402 2045 ,
1432 1992 1665 2046 carcer,
1694 1971 1889 2031 instar
1915 1972 2131 2052 templi
2160 1972 2237 2032 ad
2267 1992 2474 2033 sacros
2500 1982 2853 2033 conventus

595 2075 983 2159 peragendos
1015 2076 1134 2135 suit
1156 2074 1202 2136 ².
1241 2102 1270 2131 »
1309 2075 1488 2135 Unde
1518 2075 2020 2136 concludendum
2052 2084 2148 2136 est
2174 2075 2519 2158 quamlibet
2546 2097 2849 2150 mensam,

597 2188 707 2242 aut
745 2180 930 2241 etiam
970 2201 1190 2240 manus
1229 2180 1641 2240 diaconorum
1680 2186 1785 2253 (ut
1825 2180 2010 2239 etiam
2052 2188 2269 2261 postea
2311 2180 2658 2255 sactum³)‚
2704 2182 2855 2241 satis

597 2286 786 2346 fuisse
817 2284 895 2345 ad
925 2284 1301 2345 offerendam
1331 2285 1809 2345 sacratissimam
1842 2284 2131 2345 hostiam.

679 2392 745 2449 2⁰
781 2389 970 2450 Certo
1006 2390 1250 2449 saeculis
1279 2410 1359 2449 vu
1397 2396 1461 2449 et
1498 2410 1600 2447 vm
1630 2387 1879 2467 vigebat
1919 2410 2067 2449 usus
2102 2389 2394 2449 altarium
2428 2388 2852 2471 portatilium,

595 2503 668 2558 ut
697 2502 946 2557 constat
970 2494 1345 2556 testimoniis
1370 2494 1448 2556 V.
1481 2493 1669 2554 Bedae
1697 2500 1809 2572 (m.
1840 2515 1897 2556 a.
1927 2494 2104 2572 735),
2128 2495 2267 2575 qui,
2303 2493 2565 2575 loquens
2592 2493 2668 2555 de
2697 2494 2857 2554 duo·

597 2601 716 2662 bus
750 2599 1128 2682 presbyteris
1148 2647 1163 2674 ,
1205 2600 1330 2660 ait:
1363 2624 1392 2654 «
1428 2598 1721 2667 Quotidie
1756 2599 2128 2659 sacrificium
2160 2599 2296 2659 Deo
2326 2599 2597 2659 victima²
2628 2599 2859 2659 saluta-

598 2707 684 2765 ris
712 2706 1086 2778 offerebant,
1117 2703 1418 2764 habentes
1453 2723 1664 2764 secum
1703 2703 1953 2763 vascula
1993 2724 2165 2764 sacra
2196 2711 2259 2763 et
2285 2700 2601 2780 tabulam,
2627 2703 2860 2764 altaris

599 2807 732 2870 vice
769 2807 1126 2869 dedicatam
1149 2808 1193 2868 ⁴.
1235 2833 1263 2864 n
1303 2843 1384 2854 —
1413 2807 1613 2890 Cujus
1644 2807 1909 2880 tabulae,
1943 2808 2174 2868 saeculo
2213 2808 2495 2888 proxime
2534 2809 2855 2889 sequenti,

601 2913 922 2974 materiam
944 2913 1188 2994 aliaque
1213 2912 1510 2993 adjuncta
1535 2912 1813 2992 assignat
1840 2911 2213 2972 Hincmarus
2228 2918 2341 2992 (m.
2362 2934 2421 2973 a.
2442 2915 2622 2983 882):
2652 2937 2681 2966 «
2790 2912 2861 2971 Si

602 3018 936 3078 necessitas
969 3018 1353 3098 poposcerit,
1394 3017 1592 3077 donec
1623 3017 1881 3078 ecclesia
1912 3016 2010 3076 vel
2042 3016 2260 3077 altaria
2291 3024 2759 3093 consecrentur,
2796 3027 2861 3076 et

601 3123 666 3182 in
713 3121 966 3203 capellis
1007 3121 1190 3182 etiam
1238 3143 1376 3203 quae
1425 3122 1958 3182 consecrationem
2009 3142 2135 3181 non
2181 3129 2521 3194 merentur,
2570 3118 2863 3181 tabulam

603 3226 865 3310 quisque
896 3225 1240 3308 presbyter,
1270 3227 1370 3286 cui
1393 3226 1811 3286 necessarium
1841 3225 2050 3298 suerit,
2081 3223 2159 3286 de
2180 3244 2517 3300 marmore,
2540 3224 2639 3284 vel
2668 3223 2863 3307 niqra

595 3338 781 3416 petra
820 3339 930 3392 aut
975 3329 1113 3392 litio
1152 3329 1592 3391 honestissimo
1620 3331 1719 3392 ⁵...
1758 3330 2015 3403 habeat,
2059 3337 2122 3390 et
2162 3330 2341 3390 nobis
2372 3330 2448 3390 ad
2486 3349 2865 3390 consecran-

605 3438 756 3498 dum
795 3437 1044 3510 offerat,
1087 3455 1275 3518 quam
1314 3456 1525 3496 secum
1564 3455 1755 3518 quum
1804 3435 2151 3516 expedierit
2194 3435 2438 3494 deferat
2464 3433 2563 3495 ⁶...
2604 3461 2631 3488 n
2680 3433 2867 3494 Hanc

668 3581 687 3616 ¹
721 3580 904 3630 Refert
923 3581 992 3629 D.
1015 3580 1258 3630 Martene
1283 3581 1466 3644 plures
1494 3579 1717 3628 ordines
1738 3584 1975 3638 veteres,
2001 3580 2139 3628 hanc
2169 3583 2476 3642 separatam
2502 3578 2689 3628 altaris
2714 3578 2869 3626 dedi-

608 3659 878 3708 cationem
915 3661 1252 3721 spectantes3
1283 3657 1360 3707 De
1397 3657 1643 3724 antiquis
1681 3656 1935 3707 Ecclesiae
1976 3657 2202 3714 ritibus,
2237 3657 2333 3705 lib.
2368 3657 2444 3714 11,
2476 3671 2523 3706 c.
2565 3671 2681 3714 xvi,
2716 3659 2757 3704 t.
2800 3671 2869 3714 n,

608 3753 663 3800 p.
695 3741 938 3786 288-290.

673 3815 696 3849 ²
729 3813 1018 3872 EusebiuS,
1051 3814 1116 3864 Η.
1147 3815 1229 3872 Ε.,
1261 3815 1356 3863 lib.
1391 3814 1520 3874 vn,
1551 3829 1599 3864 c.
1631 3827 1765 3874 xxn3
1798 3815 2005 3876 Migne,
2041 3814 2100 3862 P.
2132 3813 2212 3872 G„
2238 3817 2277 3863 t.
2304 3828 2401 3872 xx,
2432 3813 2536 3862 col.
2568 3817 2676 3861 688.

675 3893 696 3927 ³
729 3891 808 3941 Cf.
837 3892 1122 3952 Mabfflnn,
1151 3893 1280 3942 diss.
1309 3891 1386 3940 De
1410 3892 1708 3948 altaribus,
1737 3892 1883 3954 apud
1908 3892 2182 3949 zaccaria,
2210 3890 2509 3955 Disciplina
2526 3890 2723 3954 populi
2748 3890 2871 3946 Dei,

615 3971 885 4026 Venetiis,
918 3975 1065 4029 1761,
1099 3975 1138 4020 t.
1172 3987 1234 4030 n,
1265 3987 1319 4033 p.
1353 3975 1429 4018 79.

675 4051 697 4083 ⁴
732 4047 868 4098 Hm.
901 4049 1030 4097 eccl.
1057 4049 1227 4113 angl„
1260 4049 1353 4097 lib.
1387 4049 1453 4108 V,
1484 4064 1532 4097 c.
1565 4063 1624 4108 x;
1657 4049 1864 4112 Migne,
1898 4049 1957 4097 P.
1988 4047 2068 4106 L„
2101 4051 2140 4097 t.
2172 4063 2292 4107 xcv,
2324 4048 2428 4096 col.
2456 4050 2564 4095 24⁴.

679 4129 700 4162 ὅ
731 4126 935 4176 Litium
965 4128 1165 4191 (graece
1193 4130 1360 4184 λιθίαν.
1403 4126 1657 4190 lapillus)
1688 4130 1773 4175 est
1806 4127 2015 4190 species
2052 4126 2248 4190 lapidis
2280 4125 2490 4189 (forsan
2530 4140 2691 4188 quem
2730 4126 2873 4174 dici-

617 4221 737 4255 mus
765 4204 1036 4270 arduiso),
1063 4206 1135 4254 du
1167 4206 1370 4268 Gange,
1403 4215 1464 4252 νο
1494 4205 1715 4254 Litium.

679 4285 702 4320 θ
737 4283 1086 4344 Hincmarus,
1121 4282 1433 4347 Capitulum
1461 4285 1566 4342 111,
1601 4299 1721 4347 cap.
1753 4297 1835 4344 ¹1¹3
1862 4283 2070 4347 Migne,
2098 4283 2161 4332 Ρ.
2182 4283 2261 4340 L„
2295 4285 2334 4334 t.
2368 4298 2523 4342 cxxv,
2556 4282 2658 4330 col.
2692 4285 2803 4330 794.
