3192 5025
1284 447 1328 496 N
1332 446 1570 497 OTITIAE
1608 443 1975 496 fflSToRICAE
2651 441 2751 494 2:31

491 589 622 648 fuit
666 596 910 670 reperta
937 589 980 650 ¹.
1028 625 1105 634 —
1146 589 1317 649 Idem
1364 589 1607 649 eruitur
1643 609 1719 648 ex
1760 587 2069 647 vocabulo
2106 588 2469 669 κοιμητήριον,
2512 584 2754 646 dormi-

495 692 766 771 torium,
804 693 974 774 quod
1019 694 1083 752 in
1114 693 1444 774 hypothesi
1475 691 1875 752 cremationis
1905 692 2210 752 absonum
2240 697 2425 751 esset.

579 797 646 859 d.
683 797 894 878 Ipsum
924 799 988 859 S.
1025 797 1322 872 Paulum,
1357 798 1495 879 qui,
1529 796 1809 856 scribens
1838 795 1917 856 ad
1947 796 2321 857 christianos
2354 794 2746 870 CorinthiOS,

493 903 522 961 I
559 902 732 976 Cor.,
763 923 864 976 xv,
897 902 975 962 36
1005 923 1126 984 sq.,
1159 901 1461 983 supponit
1485 901 1742 961 omnino
1767 900 2153 982 sepulturam
2180 907 2571 960 mortuorum
2592 899 2747 975 fieri,

493 1028 624 1066 non
664 1027 776 1088 per
813 1008 1292 1081 cremationem,
1331 1007 1442 1067 sed
1483 1027 1595 1088 per
1638 1004 2179 1082 inhumationem;
2220 1014 2541 1086 comparat
2584 1005 2749 1065 enim

489 1131 724 1192 corpus
762 1112 933 1193 quod
978 1111 1277 1192 sepelitur
1315 1111 1538 1172 semini
1568 1111 1738 1193 quod
1782 1119 1962 1171 terrae
1994 1111 2357 1170 mandatur:
2406 1136 2433 1164 «
2469 1110 2751 1192 Σπείρεται

488 1225 652 1296 σῶμα
689 1219 931 1299 ψυχικὸν,
975 1217 1227 1300 ἐγείρεται
1265 1227 1424 1298 σῶμα
1461 1216 1841 1298 πνευματικόν;
1880 1239 1911 1272 )>
1945 1214 2113 1297 quod
2160 1215 2282 1274 late
2326 1213 2746 1296 prosequitur.

492 1322 649 1381 Haec
676 1329 884 1382 autem
906 1322 1292 1402 comparatio
1314 1321 1420 1381 vix
1446 1320 1902 1400 intelligeretur
1924 1320 1987 1379 in
2010 1319 2341 1401 hypothesi
2373 1319 2752 1380 combustio·-

489 1426 608 1486 nis.

570 1533 638 1590 2⁰
687 1528 986 1591 Rationes
1053 1529 1250 1613 hujus
1313 1529 1684 1591 christiana.²
1740 1527 2218 1589 consuetudinis
2266 1528 2565 1588 videntur
2616 1548 2750 1588 esse

484 1655 630 1715 quae
659 1642 1012 1716 sequuntur
1043 1651 1059 1694 t

567 1759 626 1801 a.
671 1739 812 1799 Mos
849 1739 1214 1800 Judaeorum
1245 1739 1354 1821 qui
1397 1759 1524 1799 non
1564 1738 1957 1812 cremabant,
2001 1739 2110 1798 sed
2150 1735 2575 1798 inhumahant
2614 1757 2750 1796 cor-

484 1865 663 1924 pora,
690 1850 758 1904 ut
777 1851 952 1925 patet
972 1852 1106 1904 tum
1129 1865 1207 1904 ex
1226 1842 1581 1926 Evangelio
1604 1843 1953 1925 (sepultura
1973 1843 2205 1918 Lazari,
2236 1842 2471 1902 Christi
2489 1840 2536 1917 ²,
2560 1845 2743 1920 etc.);

477 1984 566 1992 -—-
593 1955 728 2020 tum
766 1969 842 2008 ex
881 1949 1129 2023 Tacito,
1163 1949 1303 2030 qui,
1337 1947 1535 2027 Hist„
1570 1947 1649 2022 V,
1682 1970 1751 2022 v,
1796 1948 2059 2029 loquens
2089 1948 2167 2008 de
2206 1947 2488 2007 moribus
2519 1953 2582 2007 et
2614 1946 2747 2006 riti-

481 2053 602 2112 bus
628 2051 990 2113 Judaeorum
1009 2101 1023 2128 ,
1057 2053 1144 2113 ait
1172 2071 1186 2112 ε
1227 2079 1256 2110 «
1291 2053 1570 2134 Corpora
1601 2053 1871 2113 condere
1902 2053 2176 2135 (potius)
2206 2073 2397 2134 quam
2428 2072 2737 2124 cremare,

477 2177 514 2216 e
555 2178 728 2217 more
764 2157 1064 2240 AEgyptio
1089 2156 1135 2219 ³.
1173 2183 1204 2214 »
1239 2157 1398 2218 Cum
1439 2179 1588 2237 ergo
1629 2157 1808 2217 multi
1848 2157 2052 2218 Judaei
2091 2157 2272 2218 initio
2310 2157 2576 2237 ingressi
2618 2156 2745 2218 sint

476 2262 858 2337 Ecclesiam,
905 2269 1316 2322 servaverunt
1358 2282 1595 2322 morem
1656 2283 1873 2338 suum,
1920 2283 2106 2344 quem
2162 2261 2395 2322 ethnici
2453 2261 2741 2321 conversi

475 2366 660 2426 facile
689 2367 912 2427 imitati
945 2374 1114 2426 sunt.

556 2470 624 2532 h.
659 2471 800 2553 Ipsa
828 2470 1166 2532 crudelitas
1196 2491 1336 2552 quae
1362 2471 1803 2532 consuetudini
1835 2471 2234 2532 cremationis
2260 2471 2461 2533 inesse
2491 2479 2739 2533 natura-

469 2577 618 2636 liter
646 2577 918 2652 videtur,
955 2584 1024 2637 ut
1050 2576 1406 2636 audivimus
1437 2598 1512 2637 ex
1542 2576 1949 2637 Tertulliano,

555 2701 609 2741 c.
653 2680 1031 2741 Reverentia
1070 2702 1213 2760 erga
1253 2701 1518 2762 corpora
1547 2702 1689 2762 quae
1728 2682 1977 2742 fuerant
2007 2682 2239 2763 templa
2280 2682 2551 2762 Spiritus
2582 2682 2736 2742 San-

466 2786 587 2859 cti,
621 2793 684 2846 et
712 2806 854 2865 quae
895 2792 1321 2845 resurrectura
1361 2785 1481 2845 fide
1512 2794 1681 2846 certa
1722 2786 2160 2847 credebantur.
2197 2786 2339 2845 Non
2369 2785 2540 2867 quod
2572 2786 2734 2845 chri-

466 2890 656 2949 stiani
679 2890 1200 2950 resurrectionem
1223 2889 1673 2971 impossibilem
1696 2898 1805 2951 aut
1821 2891 2232 2952 difficiliorem
2250 2912 2327 2951 ex
2347 2892 2731 2952 crematione

464 2994 857 3075 putaverint,
906 2993 1013 3054 sed
1062 2994 1207 3076 quia
1251 3014 1513 3074 corpora
1562 2995 1641 3054 ad
1685 3002 1924 3055 tantam
1965 2996 2227 3075 gloriam
2271 2996 2580 3056 destinata
2624 2996 2728 3055 isti

463 3098 643 3180 quasi
675 3098 983 3179 supplicio
1011 3099 1174 3178 ignis
1203 3097 1479 3173 tradere,
1515 3098 1846 3159 videbatur
1874 3099 1997 3159 illis
2028 3100 2421 3179 sacrilegum.
2444 3138 2525 3146 —
2546 3102 2727 3169 Quod

463 3224 594 3262 non
663 3211 832 3263 recte
889 3202 1314 3282 intelligentes
1365 3209 1827 3283 persecutoreS,
1890 3204 2293 3264 minabantur
2346 3205 2724 3286 martyribus

461 3328 714 3389 poenam
766 3307 1222 3368 combustionis
1276 3315 1419 3388 post
1467 3313 1766 3381 mortem,
1822 3315 1893 3368 ut
1935 3307 2057 3367 illis
2106 3307 2484 3383 adimerent,
2533 3316 2724 3389 prout

459 3413 803 3494 putabant,
851 3434 1022 3493 spem
1067 3412 1578 3488 resurrectionis3
1626 3412 1815 3493 hujus
1858 3414 1946 3472 rei
1996 3415 2349 3493 exemplum
2400 3413 2611 3474 videas
2655 3416 2719 3476 in

457 3518 727 3598 epistola
767 3517 1282 3596 Lugdunensium
1327 3524 1390 3577 et
1443 3517 1893 3576 Viennensium
1944 3517 2019 3577 ad
2065 3518 2357 3579 ecclesias
2399 3520 2595 3596 Asiae,
2637 3522 2717 3582 ab

455 3622 733 3682 Eusebio
763 3622 958 3682 relata
980 3622 1026 3682 ⁴.

535 3726 600 3787 d.
634 3727 929 3788 Ceterum
965 3747 1100 3786 mos
1130 3726 1462 3787 funerandi
1496 3747 1609 3808 per
1639 3725 2139 3788 inhumationem
2171 3750 2295 3789 non
2326 3739 2459 3790 erat
2496 3731 2713 3792 insoli-

518 3938 534 3969 ¹
572 3937 651 3986 cf.
683 3938 898 3997 Allan-d,
931 3938 1094 3987 Rome
1122 3939 1492 3997 soulerraine,
1525 3938 1705 3997 Paris,
1733 3941 1882 3998 1874,
1912 3953 1965 4001 p.
1998 3944 2075 3987 88.

515 4016 540 4051 ²
569 4014 749 4076 Joan.,
780 4032 894 4076 xxx,
930 4019 1026 4064 40:
1061 4038 1084 4061 «
1119 4018 1468 4081 Acceperunt
1505 4031 1706 4080 corpus
1741 4016 1901 4077 Jesu,
1933 4020 1988 4066 et
2028 4018 2329 4081 ligaverunt
2361 4020 2495 4069 illud
2528 4022 2711 4071 linteis

447 4109 576 4143 cum
600 4095 966 4155 aromatibus,
994 4094 1138 4143 sicut
1170 4110 1284 4145 mos
1312 4097 1392 4144 est
1419 4094 1628 4144 Judaeis
1654 4094 1905 4158 sepelire.
1940 4114 1964 4140 η

514 4174 538 4208 ⁸
571 4172 668 4220 Ed.
697 4173 968 4233 Lemaire,
1002 4176 1042 4222 t.
1069 4189 1152 4234 ιη,
1185 4189 1238 4236 p.
1271 4178 1380 4222 510.

511 4253 534 4287 ⁴
569 4250 634 4299 Η.
665 4252 748 4309 Ε.,
781 4251 876 4300 lib.
911 4251 978 4310 V,
1011 4267 1058 4301 c.
1091 4266 1134 4312 ι;
1166 4251 1375 4315 Migne,
1408 4250 1468 4299 P.
1505 4252 1585 4311 G.,
1620 4254 1657 4301 t.
1692 4268 1787 4310 xx,
1816 4252 1920 4301 col.
1949 4258 2060 4304 433.
