3192 5025
965 449 1054 500 DE
1093 448 1452 501 ORATORIIS
1489 448 1649 498 SEMI
1662 468 1687 477 -
1702 448 1995 499 PUBLICIS
2503 448 2605 503 189

343 594 490 659 suis
533 593 816 682 (praeter
854 594 1177 661 ecclesias
1225 616 1385 659 suas
1429 592 1776 683 publicas)
1818 594 2111 659 oratoria
2144 594 2475 683 privata¹,
2519 594 2603 661 ad

341 708 712 774 missarum
749 708 1305 790 celebrationem,
1349 707 1497 774 sine
1533 709 1675 773 ulla
1711 708 2159 774 restrictione.
2202 747 2291 758 —
2329 709 2605 775 Clarum

339 828 452 887 est
488 821 633 887 haec
671 823 965 888 oratoria
1003 845 1142 887 non
1181 822 1418 887 cadere
1457 820 1585 887 sub
1623 820 2079 909 prohibitione
2117 822 2370 888 decreti
2408 845 2601 888 conc.

339 935 562 1018 Trid.,
597 936 778 1001 Neve
807 938 1172 1022 patiantur
1198 936 1491 1023 privatis
1521 937 1591 1000 in
1630 936 1977 1021 domibus,
2021 942 2181 1016 etc.;
2227 944 2605 1003 conventus

341 1050 531 1115 enim
572 1049 1015 1137 Regularium
1065 1073 1202 1115 non
1255 1056 1418 1115 sunt
1470 1049 1716 1115 domus
1764 1050 2082 1138 privatoe;
2126 1056 2429 1116 attamen
2468 1050 2605 1139 pri-

339 1164 528 1229 stina
549 1164 995 1252 Regularium
1034 1169 1338 1252 potestas
1376 1164 1661 1230 relative
1699 1163 1784 1229 ad
1821 1162 1965 1229 haec
1998 1164 2290 1229 oratoria
2326 1187 2605 1251 gravem

337 1301 548 1367 passa
588 1284 692 1344 est
742 1277 1274 1360 restrictionem;
1318 1277 1485 1343 dicit
1523 1278 1708 1344 enim
1758 1278 2154 1360 concilium,
2203 1278 2273 1341 in
2325 1278 2606 1365 praefato

342 1393 620 1457 decreto
655 1411 670 1460 ε
719 1420 752 1453 «
794 1393 982 1459 Neve
1019 1392 1369 1479 patiantur
1407 1391 1779 1481 (episcopi)
1820 1392 2105 1481 privatis
2143 1392 2215 1457 in
2255 1392 2599 1477 domibus,

339 1513 552 1594 atque
590 1506 868 1571 omnino
908 1514 1102 1573 extra
1139 1505 1498 1572 ecclesiam
1535 1512 1605 1572 et
1649 1506 1740 1571 ad
1784 1506 2091 1571 divinum
2140 1513 2408 1570 tantum
2459 1508 2607 1572 cul-

339 1630 497 1685 tum
536 1620 842 1685 dedicata
881 1621 1214 1705 oratoria,
1257 1622 1346 1686 ab
1382 1620 1631 1687 eisdem
1672 1620 2054 1686 Ordinariis
2090 1621 2503 1706 deaiqnanda
2540 1629 2605 1685 et

341 1733 713 1818 visitanda,
749 1742 1062 1799 sanctum
1095 1734 1223 1799 hoc
1261 1734 1666 1799 sacrificium
1695 1756 1731 1799 a
1772 1732 2207 1799 saecularibus
2245 1739 2363 1799 aut
2402 1756 2607 1820 requ-

345 1848 611 1914 laribus
648 1848 1194 1935 quibuscumque
1222 1847 1486 1936 peragi;
1535 1874 1566 1909 υ
1612 1853 1681 1913 et
1718 1848 1789 1912 in
1826 1848 1959 1911 fine
1991 1865 2006 1913 :
2052 1873 2085 1908 «
2130 1848 2288 1913 Non
2326 1847 2605 1914 obstan-

339 1960 531 2027 tibus
559 1962 964 2048 privileqiia,
997 1962 1560 2048 exemptionibus,
1595 1959 2165 2050 appellationibus
2203 1985 2280 2027 ac
2320 1984 2607 2029 consue-

342 2075 700 2142 tudinibus
748 2077 1317 2163 quibuscumque.
1369 2102 1402 2137 »
1464 2074 1694 2156 Unde,
1754 2074 2087 2164 quidquid
2142 2075 2379 2142 dicunt
2432 2099 2608 2142 non-

344 2189 556 2272 nulli,
628 2190 1007 2279 praesertim
1103 2212 1190 2255 ex
1262 2188 1717 2277 Regularibus
1744 2190 1789 2271 ²,
1861 2190 1932 2253 vi
2027 2188 2233 2277 hujus
2313 2189 2598 2272 decreti,

347 2303 752 2390 RegulareS‚
795 2303 882 2369 ad
921 2302 1241 2390 erigenda
1281 2303 1350 2367 in
1389 2303 1533 2367 suis
1570 2301 2021 2368 conventibus
2059 2304 2371 2384 oratoria,
2404 2312 2607 2392 egent

346 2418 624 2483 licentia
672 2417 1004 2505 episcopi,
1050 2417 1169 2505 qui
1216 2439 1295 2482 ea
1357 2416 1653 2482 oratoria
1698 2417 2113 2502 desiqnahit,
2157 2423 2227 2483 et
2264 2417 2563 2481 visitabit
2578 2436 2609 2501 ,ὲ

348 2532 530 2596 clara
569 2531 750 2596 enim
790 2537 950 2596 sunt
988 2530 1196 2596 verba
1234 2530 1526 2596 concilii.

438 2645 508 2708 2ο
544 2645 797 2710 Verum
837 2644 1209 2731 Gregorius
1247 2642 1442 2726 XIII,
1486 2643 1678 2709 brevi
1716 2644 1917 2710 Decet
1949 2645 2336 2709 Romanum
2372 2645 2605 2710 Ponti-

346 2762 567 2844 ficem,
611 2759 650 2824 3
691 2759 848 2824 maii
892 2760 1089 2841 1575,
1129 2758 1463 2824 concessit
1502 2758 1828 2824 Societati
1864 2758 2031 2824 Jesu
2068 2757 2363 2847 amplius
2400 2759 2607 2848 privi-

343 2873 640 2958 legium,
683 2872 790 2937 his
827 2871 1056 2937 verbis
1091 2890 1106 2938 z
1153 2898 1186 2932 «
1229 2871 1602 2953 VolumuS,
1646 2879 1723 2937 ut
1762 2871 1831 2937 in
1870 2873 2181 2938 oratoriis
2220 2879 2290 2938 et
2328 2874 2607 2962 capellis

348 3009 501 3074 quae
538 2986 754 3075 ipsius
792 2985 1155 3051 Societatis
1191 2986 1647 3050 Provinciales
1684 3007 1816 3072 per
1854 3009 1923 3050 se
1971 2987 2041 3051 in
2078 2988 2395 3053 domibus
2404 3039 2427 3072 ,
2469 2988 2607 3054 col-

350 3099 546 3185 leqiis
573 3106 639 3163 et
675 3099 830 3164 aliia
869 3100 1060 3183 loci-3,
1100 3100 1216 3164 ubi
1255 3100 1474 3186 aliqui
1512 3099 1865 3165 Societatis
1905 3101 2328 3184 residebunt,
2364 3125 2607 3187 appro-

343 3214 662 3281 baverint
716 3221 782 3278 et
833 3213 922 3277 ad
976 3213 1285 3277 divinum
1350 3215 1715 3278 dumtaxat
1764 3215 2029 3279 cultum
2093 3215 2601 3300 deputaverint,

349 3327 568 3392 misaae
597 3335 662 3390 et
697 3327 831 3392 alia
861 3327 1088 3391 divina
1120 3329 1372 3412 officia,
1405 3328 1688 3392 alterius
1721 3327 1986 3392 licentia
2014 3329 2303 3414 desuper
2332 3330 2608 3395 minime

345 3441 713 3527 requisita,
763 3441 1092 3506 celebrari
1131 3441 1457 3526 possint-³.
1509 3469 1540 3502 »
1589 3439 1818 3522 Unde,
1861 3441 1933 3506 vi
1978 3441 2185 3530 hujus
2229 3443 2602 3530 privilegii,

345 3553 800 3620 Provincialis
847 3553 1288 3620 substituitur
1334 3555 1685 3644 episcop0,
1750 3553 2030 3644 ejusque
2082 3556 2267 3621 vices
2314 3556 2489 3644 gerit
2535 3557 2605 3621 in

339 3667 788 3754 designandis
825 3675 896 3733 et
934 3666 1390 3756 approbandis
1429 3667 1765 3734 oratoriis,
1798 3669 1997 3749 Quod
2035 3669 2284 3735 dicitur
2320 3669 2403 3735 de
2444 3670 2607 3736 Pro-

344 3781 661 3863 vinciali,
703 3781 838 3848 dici
877 3781 1080 3848 debet
1117 3781 1200 3847 de
1241 3781 1591 3864 Generali,
1636 3789 1714 3848 ut
1751 3805 1835 3848 ex
1873 3783 2021 3871 ipso
2061 3781 2251 3848 brevi
2287 3791 2498 3871 patet.

419 3941 436 3976 ¹
472 3943 751 4005 GatticuS,
782 3960 830 3994 c.
861 3960 982 4006 vm,
1013 3959 1066 3992 n.
1100 3947 1157 3993 2⁴
1190 3959 1271 4008 sq.

413 4020 438 4057 ²
465 4021 629 4084 Apud
659 4022 728 4071 de
757 4023 946 4082 Bonis,
981 4023 1080 4072 loc.
1103 4022 1216 4081 cit„
1244 4038 1292 4072 c.
1323 4037 1440 4082 xvi,
1471 4038 1524 4071 n.
1557 4027 1651 4071 285
1681 4037 1783 4085 sq„
1814 4027 1905 4071 296
1930 4037 2031 4085 sq„
2064 4038 2117 4086 p.
2146 4028 2253 4072 313.

414 4101 439 4136 3
471 4099 593 4149 Hoc
623 4099 787 4150 breve
815 4102 1052 4163 reperias
1081 4101 1136 4148 in
1176 4115 1340 4164 opere
1373 4100 1699 4150 Institutum
1726 4100 2009 4150 Societatis
2036 4101 2190 4160 lesu,
2221 4101 2432 4165 Pragae,
2463 4107 2605 4158 1757,

345 4183 392 4229 t.
423 4194 470 4236 ι,
499 4193 554 4242 p.
585 4182 778 4228 5o÷53.
802 4205 857 4215 —-
879 4178 960 4228 Cf.
992 4179 1158 4230 etiam
1191 4178 1582 4242 compendium
1602 4178 2029 4244 privilegiorum
2052 4179 2104 4228 S.
2128 4179 2201 4237 J.,
2232 4189 2293 4224 vo
2325 4180 2603 4238 Orator-ia,

345 4261 374 4317 5
403 4261 429 4304 1
450 4293 463 4316 ,
497 4255 649 4315 ibid„
682 4272 736 4320 p.
768 4261 876 4306 324.
