3192 5025
1150 1026 1879 1123 PROOEMIUM

488 1603 712 1675 Liber
747 1601 870 1674 hic
909 1601 1023 1673 De
1070 1601 1287 1672 Locis
1322 1599 1557 1671 sacri-s·
1602 1609 1921 1697 quatuor
1958 1609 2203 1698 partes
2241 1598 2571 1670 continet
2618 1623 2633 1670 ε

392 1727 708 1825 primam
748 1722 838 1795 de
887 1722 1248 1812 ecclesii-5,
1295 1723 1601 1794 alteram
1650 1719 1740 1794 de
1789 1721 2173 1810 oratoriis,
2220 1721 2511 1792 tertiam
2549 1719 2641 1792 de

394 1847 803 1934 altar-ihm,
847 1845 1186 1917 ultimam
1235 1843 1327 1916 de
1375 1844 1839 1918 coemeteriis,
1893 1843 1993 1916 Ut
2040 1843 2353 1941 quisque
2402 1842 2635 1932 videt,

395 1970 515 2042 hic
563 1969 776 2058 liber,
823 1967 1068 2065 quoad
1109 1992 1452 2064 magnam
1506 1967 1633 2040 sui·
1670 1977 1989 2065 partem,
2032 1974 2146 2037 est
2190 1966 2402 2063 quasi
2442 1991 2643 2069 com·-

395 2093 851 2191 plementum
925 2088 1513 2168 Praelectionum
1596 2089 2127 2160 canonicarum
2209 2087 2296 2160 de
2371 2087 2636 2176 Missa,

388 2215 540 2313 jam
594 2239 636 2285 a
683 2239 800 2284 me
848 2213 991 2284 hoc
1030 2211 1288 2284 eodem
1344 2237 1544 2283 anno.
1585 2210 1993 2300 editarum3
2039 2209 2365 2282 ecclesiae
2414 2211 2639 2298 enirn,

396 2335 720 2409 oratoria
777 2344 850 2407 et
894 2335 1152 2407 altaria
1199 2334 1661 2406 constituunt
1704 2334 1949 2406 locum
1990 2333 2407 2404 normalem
2452 2332 2643 2404 cele·

399 2457 758 2533 brationis
797 2458 1071 2546 missae,
1128 2457 1338 2556 cujus
1384 2457 1633 2529 locum
1688 2455 2381 2529 emmor-dinarium
2439 2455 2646 2527 exhi-

397 2582 527 2654 bui
575 2582 652 2653 in
701 2580 1022 2681 praefatis
1066 2579 1716 2652 Praelectionibm.
1774 2580 2089 2669 Verum,
2142 2587 2407 2678 praeter
2456 2579 2647 2651 hanc

398 2702 903 2776 immediatam
951 2702 1388 2774 relationem
1440 2700 1532 2774 ad
1581 2701 2157 2773 celebrationem
2202 2701 2649 2774 sacrosancti

399 2825 776 2915 sacrificii,
839 2824 1069 2896 multa
1138 2834 1537 2897 occurrunt
1597 2823 1979 2896 tractanda
2044 2822 2134 2895 de
2190 2823 2519 2895 ecclesiis
2578 2833 2650 2895 et

401 2948 743 3021 oratoriis
817 2972 980 3045 quae
1041 2972 1192 3019 non
1262 2946 1408 3019 nisi
1479 2956 1763 3019 remote
1827 2946 2232 3045 respiciunt
2306 2945 2643 3035 missam,

401 3098 470 3144 v,
525 3098 630 3169 g.,
685 3069 776 3142 de
832 3068 1311 3141 aedificatione
1370 3068 1883 3155 ecclesiarum,
1946 3066 2037 3141 de
2101 3094 2355 3141 earum
2410 3067 2650 3166 pollu-

401 3194 602 3266 tione
643 3203 715 3265 et
751 3191 1378 3281 reconciliatione,
1424 3190 1514 3263 de
1555 3217 1809 3263 earum
1864 3191 2329 3262 immunitate
2368 3190 2461 3261 ab
2499 3189 2651 3261 usi-

403 3316 542 3389 bus
579 3314 942 3415 profanis,
988 3314 1080 3386 de
1110 3313 1280 3413 jure
1319 3313 1508 3412 asyli
1557 3314 1665 3385 eis
1712 3322 2212 3411 competente,
2258 3312 2348 3385 de
2396 3338 2649 3384 earum

407 3438 748 3512 Patronis
787 3445 858 3508 et
895 3435 1384 3527 TitularibuS,
1429 3434 1520 3507 de
1560 3445 1751 3507 statu
1784 3435 2110 3533 juridico
2159 3436 2653 3507 oratoriorum

403 3559 708 3633 relative
755 3557 856 3631 ad
915 3558 1344 3657 episcopum
1402 3568 1475 3629 et
1525 3546 1999 3656 parochums
2031 3566 2170 3629 etc.
2234 3568 2373 3630 etc.
2439 3556 2652 3629 Unde

407 3683 634 3755 satius
688 3681 930 3755 visum
989 3690 1102 3752 est
1146 3680 1283 3752 ista
1337 3679 1587 3753 omnia
1646 3680 1725 3751 in
1771 3680 1913 3752 hoc
1979 3679 2171 3752 libro
2236 3680 2447 3777 quasi
2504 3704 2652 3750 uno

407 3814 806 3904 conspectu
846 3802 1220 3875 exhibere.
1258 3802 1766 3900 Disputationi
1795 3813 2041 3874 autem
2079 3802 2170 3875 de
2210 3800 2654 3874 coemeteriis

400 3929 656 4027 juncta
713 3933 824 3997 est
878 3932 999 3997 aut
1065 3922 1312 4022 potius
1375 3923 1802 3996 intermixta
1859 3923 2196 3997 tractatio
2263 3922 2353 3995 de
2415 3922 2656 4022 sepul-

406 4050 630 4137 turis;
675 4072 827 4119 non
867 4046 1065 4118 enim
1113 4044 1465 4144 possibile
1515 4056 1627 4118 est
1666 4045 1869 4119 varia
1910 4070 2074 4144 quae
2122 4053 2519 4118 occurrunt
2563 4044 2654 4117 de

411 4168 852 4244 coemeteriis
897 4176 1094 4240 recte
1131 4167 1498 4265 pleneque
1546 4166 1877 4255 tractari,
1922 4167 2104 4265 quin
2154 4192 2345 4265 saepe
2392 4165 2656 4265 saepius
