3192 5025
637 465 749 518 252
1209 467 1295 518 DE
1333 467 1767 520 COEMETERHS
1804 469 1887 518 Er
1927 467 2337 519 SEPULTumS

1029 733 1067 806 5
1105 733 1172 792 5.
1216 735 1323 792 De
1363 733 1846 792 immunitate
1884 733 2516 792 eoemeteriorum.

734 927 925 998 150.
957 968 1046 978 -—
1075 931 1550 999 Immunitas
1580 932 2217 999 ooemeteriorum
2244 929 2346 998 ab
2374 928 2685 998 actibus
2712 948 2878 1017 pro-

640 1042 880 1113 fanis.

734 1160 802 1221 10
851 1157 1022 1222 Jure
1074 1159 1425 1241 canonico,
1489 1158 1625 1222 duo
1682 1156 2127 1245 prohibentur
2186 1155 2256 1218 in
2317 1154 2751 1236 eoemeteriiS‚
2804 1153 2881 1218 ob

640 1270 1088 1335 reverentiam
1127 1271 1262 1335 illis
1302 1269 1601 1336 debitam
1632 1291 1649 1338 ;

730 1407 791 1449 a.
827 1385 1300 1448 Prohibentur
1329 1387 1396 1448 in
1428 1385 1823 1449 caemeteriis
1837 1385 2110 1469 judicia
2138 1384 2521 1466 saecularia,
2553 1383 2686 1448 suh
2699 1405 2883 1468 poena

639 1499 1001 1564 nullitatt's.
1032 1538 1121 1548 —-
1146 1496 1436 1564 Constat
1473 1497 1743 1563 duobus
1782 1521 1961 1587 eap.,
2002 1521 2247 1584 nempe
2288 1520 2435 1584 cap.
2484 1497 2661 1561 Cum
2698 1495 2885 1560 eccle-

635 1613 763 1697 sia,
797 1615 863 1692 ὅ,
901 1613 1002 1677 ΒΕ
1031 1631 1425 1677 minumum
1455 1632 1661 1693 Ech.,
1698 1618 1766 1676 et
1804 1635 1952 1700 cap.
1988 1611 2212 1693 Decet,
2243 1611 2309 1690 2,
2331 1611 2479 1676 eod.
2508 1611 2647 1692 tit„
2677 1611 2747 1675 in
2774 1608 2883 1689 VI,

641 1750 930 1815 quorum
969 1726 1202 1791 videas
1249 1733 1480 1792 textus
1529 1749 1735 1814 supra
1784 1727 1889 1814 (n.
1936 1725 2119 1812 44),
2171 1724 2289 1790 ubi
2336 1725 2420 1790 de
2467 1725 2791 1806 ecclesiis;
2824 1723 2887 1787 hi

635 1841 820 1906 enim
861 1847 1094 1906 textus
1131 1863 1322 1928 aeque
1363 1840 1739 1928 respiciunt
1778 1839 2098 1905 eeclesias
2136 1847 2207 1904 et
2246 1840 2655 1904 coemeteria.

729 1955 796 2020 h.
841 1954 1313 2019 Prohibentur
1351 1955 1418 2018 in
1467 1955 1860 2019 coemeteriis
1908 1955 2390 2038 neqotiatt'ones
2438 1963 2501 2016 et
2552 1953 2884 2018 nundinae.

638 2104 727 2114 —-
765 2065 1052 2132 Constat
1092 2066 1242 2132 eod.
1288 2091 1435 2155 cap.
1481 2069 1707 2152 Decet,
1753 2091 1957 2155 supra
2001 2069 2105 2154 (n.
2148 2068 2295 2157 44)
2343 2068 2676 2154 allegato,
2720 2065 2893 2155 quod

641 2180 880 2244 eodem
918 2180 1121 2245 modo
1161 2183 1629 2270 interpreteris
1668 2205 1791 2270 pro
1838 2183 2247 2248 coemeteriis
2286 2205 2363 2247 ae
2400 2205 2523 2270 pro
2564 2180 2885 2246 ecclesiis,

729 2295 801 2358 20
861 2295 1032 2359 Jure
1108 2295 1411 2360 naturali
1483 2295 1883 2384 prohibetur
1949 2297 2019 2361 in
2086 2297 2493 2362 coerneteriis
2558 2293 2891 2383 quidquid

635 2431 878 2474 eorum
905 2410 1251 2474 sanctitati
1291 2419 1663 2496 repuqnat,
1699 2412 1859 2476 licet
1888 2411 2041 2500 jure
2080 2411 2375 2499 positivo
2406 2433 2727 2499 expresse
2764 2429 2890 2474 non

637 2522 1100 2611 prohibeatur.
1145 2563 1234 2573 —
1280 2523 1767 2591 Coemeterium
1814 2526 1997 2591 enim
2044 2532 2148 2591 est
2200 2526 2383 2590 locus
2432 2525 2791 2610 reliqiosus
2832 2530 2891 2586 et

633 2660 848 2723 sacer,
909 2662 1122 2727 quum
1183 2638 1552 2725 deputatus
1620 2639 1823 2705 fuerit
1888 2639 2293 2704 auctoritate
2362 2638 2767 2728 episcopali,
2828 2644 2891 2700 et

639 2750 1112 2817 benedictione
1174 2753 1454 2839 speciali
1509 2754 1987 2828 constitutiva,
2050 2752 2138 2818 ad
2196 2754 2404 2817 finem
2460 2752 2883 2840 religiosum,

640 2888 884 2953 nempe
937 2866 1360 2953 sepulturam
1413 2868 1923 2947 defunctorum,
1987 2868 2123 2931 imo
2184 2866 2272 2932 ad
2333 2866 2537 2931 finem
2593 2888 2884 2945 sacrum,

639 3002 794 3043 cum
835 3002 1069 3067 preces
1107 2981 1536 3068 exsequiales
1583 2988 1655 3046 et
1702 2981 2002 3046 officium
2051 2980 2560 3062 defunctorum,
2605 3003 2757 3068 qua¹
2802 2977 2890 3041 ibi

639 3092 1033 3175 recitantur,
1085 3093 1470 3159 referantur
1517 3117 1710 3182 aeque
1760 3095 1846 3160 ad
1898 3094 2355 3183 expiationem
2405 3094 2781 3159 animarum
2828 3098 2890 3157 et

639 3206 727 3273 ad
757 3206 1018 3271 cultum
1049 3206 1196 3274 Dei.
1235 3207 1477 3287 Porr0,
1515 3208 1640 3273 hac
1671 3208 1999 3295 qualitate
2034 3209 2158 3273 loci
2195 3208 2372 3273 sacri
2401 3208 2610 3273 semel
2648 3208 2885 3298 posita,

631 3321 787 3409 jure
834 3320 1128 3386 naturali
1175 3328 1496 3386 vetantur
1548 3346 1786 3386 omnes
1834 3330 2027 3387 actus
2074 3321 2339 3410 profani
2388 3322 2505 3411 qui
2552 3320 2887 3387 communi

639 3435 992 3500 hominum
1029 3436 1482 3500 aestimatione
1521 3435 1677 3501 huic
1717 3435 2030 3525 qualitati
2068 3444 2483 3523 repugnant,
2524 3458 2593 3501 V.
2636 3460 2735 3523 g.,
2778 3433 2886 3499 tri-

638 3555 864 3614 turare
894 3556 1193 3635 segeteS,
1229 3572 1567 3615 macerare
1591 3574 1795 3632 uvaS,
1823 3549 2182 3614 instituere
2208 3548 2639 3631 saltationeS,
2671 3547 2883 3627 ludos,

640 3670 758 3729 aut
795 3663 1143 3746 convivia,
1188 3686 1463 3752 pascere
1505 3663 1857 3745 animalia,
1894 3669 2025 3729 ete.
2069 3670 2231 3745 ete„
2266 3663 2351 3728 de
2390 3661 2636 3751 quibus
2674 3661 2885 3749 reipsa

633 3783 969 3843 caverunt
1006 3777 1222 3843 multa
1261 3777 1544 3843 concilia
1586 3776 2031 3866 provincialia
2054 3779 2098 3843 ¹.

729 3987 920 4057 151.
951 4027 1040 4037 —
1077 3988 1124 4057 J
1129 4007 1224 4057 us
1271 3988 1503 4075 asyli.
1536 4026 1625 4037 —
1663 3986 2073 4054 Coemeteria
2121 3987 2439 4053 fruuntur
2480 3986 2634 4075 jure
2682 3984 2878 4073 asyli,

633 4101 814 4166 sicut
885 4102 1052 4189 ipsae
1127 4101 1461 4184 ecelesiae,
1543 4102 1743 4166 modo
1816 4102 2085 4187 suerint
2160 4103 2248 4166 ab
2314 4104 2616 4188 episcopo
2680 4100 2880 4185 depu-

699 4278 716 4311 ¹
755 4278 833 4327 Cf.
861 4277 1127 4339 Moulart,
1158 4279 1236 4327 De
1265 4280 1576 4343 sepultura,
1610 4296 1666 4343 p.
1702 4287 1955 4332 109-110.
