<?xml version="1.0" encoding="UTF-8"?>
<!DOCTYPE html PUBLIC "-//W3C//DTD XHTML 1.0 Transitional//EN"
    "http://www.w3.org/TR/xhtml1/DTD/xhtml1-transitional.dtd">
<html xmlns="http://www.w3.org/1999/xhtml" xml:lang="en" lang="en">
 <head>
  <title>
</title>
<meta http-equiv="Content-Type" content="text/html;charset=utf-8" />
  <meta name='ocr-system' content='tesseract 3.04.00' />
  <meta name='ocr-capabilities' content='ocr_page ocr_carea ocr_par ocr_line ocrx_word'/>
</head>
<body>
  <div class='ocr_page' id='page_1' title='image "./praelectionesde02manygoog_0222.png"; bbox 0 0 3192 5025; ppageno 0'>
   <div class='ocr_carea' id='block_1_1' title="bbox 598 469 1971 526">
    <p class='ocr_par' dir='ltr' id='par_1_1' title="bbox 598 469 1971 526">
     <span class='ocr_line' id='line_1_1' title="bbox 598 469 1971 526; baseline 0.004 -5"><span class='ocrx_word' id='word_1_1' title='bbox 598 469 702 523; x_wconf 81' lang='lat'><strong>206</strong></span> <span class='ocrx_word' id='word_1_2' title='bbox 1477 474 1566 524; x_wconf 91' lang='lat' dir='ltr'><strong>DE</strong></span> <span class='ocrx_word' id='word_1_3' title='bbox 1604 473 1971 526; x_wconf 78' lang='lat' dir='ltr'><strong>ALTARIBUS</strong></span> 
     </span>
    </p>
   </div>
   <div class='ocr_carea' id='block_1_2' title="bbox 591 614 2849 1731">
    <p class='ocr_par' dir='ltr' id='par_1_2' title="bbox 596 614 2845 1156">
     <span class='ocr_line' id='line_1_2' title="bbox 693 614 2845 706; baseline 0.005 -27"><span class='ocrx_word' id='word_1_4' title='bbox 693 614 760 679; x_wconf 84' lang='lat'><strong>10</strong></span> <span class='ocrx_word' id='word_1_5' title='bbox 787 614 952 703; x_wconf 86' lang='lat' dir='ltr'><strong>Cap.</strong></span> <span class='ocrx_word' id='word_1_6' title='bbox 985 614 1103 680; x_wconf 88' lang='lat' dir='ltr'><strong>Ad</strong></span> <span class='ocrx_word' id='word_1_7' title='bbox 1133 616 1292 700; x_wconf 80' lang='lat' dir='ltr'><strong><em>haec,</em></strong></span> <span class='ocrx_word' id='word_1_8' title='bbox 1321 617 1384 699; x_wconf 90' lang='lat'><strong>1,</strong></span> <span class='ocrx_word' id='word_1_9' title='bbox 1425 617 1524 683; x_wconf 73' lang='lat' dir='ltr'><strong>DE</strong></span> <span class='ocrx_word' id='word_1_10' title='bbox 1553 638 2063 685; x_wconf 65' lang='lat' dir='ltr'><strong>comacum-mne</strong></span> <span class='ocrx_word' id='word_1_11' title='bbox 2100 640 2273 686; x_wconf 66' lang='lat' dir='ltr'><strong>ecci..</strong></span> <span class='ocrx_word' id='word_1_12' title='bbox 2310 641 2325 688; x_wconf 92' lang='lat'>:</span> <span class='ocrx_word' id='word_1_13' title='bbox 2372 649 2404 683; x_wconf 86' lang='lat'>«</span> <span class='ocrx_word' id='word_1_14' title='bbox 2440 622 2553 687; x_wconf 91' lang='lat' dir='ltr'><strong>Ad</strong></span> <span class='ocrx_word' id='word_1_15' title='bbox 2590 623 2753 706; x_wconf 85' lang='lat' dir='ltr'><strong>haec,</strong></span> <span class='ocrx_word' id='word_1_16' title='bbox 2788 626 2845 689; x_wconf 88' lang='lat' dir='ltr'><strong>si</strong></span> 
     </span>
     <span class='ocr_line' id='line_1_3' title="bbox 596 730 2845 804; baseline 0.004 -10"><span class='ocrx_word' id='word_1_17' title='bbox 596 730 807 795; x_wconf 80' lang='lat' dir='ltr'><strong>altare</strong></span> <span class='ocrx_word' id='word_1_18' title='bbox 845 738 1104 795; x_wconf 85' lang='lat' dir='ltr'><strong>motum</strong></span> <span class='ocrx_word' id='word_1_19' title='bbox 1145 730 1378 803; x_wconf 80' lang='lat' dir='ltr'><strong>fuerit,</strong></span> <span class='ocrx_word' id='word_1_20' title='bbox 1530 733 1728 798; x_wconf 81' lang='lat' dir='ltr'><strong>dehet</strong></span> <span class='ocrx_word' id='word_1_21' title='bbox 1763 734 1983 799; x_wconf 87' lang='lat' dir='ltr'><strong>denuo</strong></span> <span class='ocrx_word' id='word_1_22' title='bbox 2021 738 2418 803; x_wconf 76' lang='lat' dir='ltr'><strong>consecrari.</strong></span> <span class='ocrx_word' id='word_1_23' title='bbox 2464 764 2497 798; x_wconf 91' lang='lat'>»</span> <span class='ocrx_word' id='word_1_24' title='bbox 2528 737 2601 802; x_wconf 91' lang='lat' dir='ltr'><strong>Si</strong></span> <span class='ocrx_word' id='word_1_25' title='bbox 2638 738 2845 804; x_wconf 85' lang='lat' dir='ltr'><strong>altare</strong></span> 
     </span>
     <span class='ocr_line' id='line_1_4' title="bbox 597 844 2845 939; baseline 0.004 -32"><span class='ocrx_word' id='word_1_26' title='bbox 597 852 1020 909; x_wconf 84' lang='lat' dir='ltr'><strong>exsecratum</strong></span> <span class='ocrx_word' id='word_1_27' title='bbox 1052 844 1295 911; x_wconf 85' lang='lat' dir='ltr'><strong>debeat</strong></span> <span class='ocrx_word' id='word_1_28' title='bbox 1323 867 1572 911; x_wconf 84' lang='lat' dir='ltr'><strong>novam</strong></span> <span class='ocrx_word' id='word_1_29' title='bbox 1603 848 2183 913; x_wconf 87' lang='lat' dir='ltr'><strong>consecrationem</strong></span> <span class='ocrx_word' id='word_1_30' title='bbox 2212 850 2533 938; x_wconf 86' lang='lat' dir='ltr'><strong>recipere,</strong></span> <span class='ocrx_word' id='word_1_31' title='bbox 2578 852 2845 939; x_wconf 82' lang='lat' dir='ltr'><strong>signum</strong></span> 
     </span>
     <span class='ocr_line' id='line_1_5' title="bbox 596 958 2840 1054; baseline 0.004 -33"><span class='ocrx_word' id='word_1_32' title='bbox 596 965 702 1023; x_wconf 86' lang='lat' dir='ltr'><strong>est</strong></span> <span class='ocrx_word' id='word_1_33' title='bbox 753 958 1034 1023; x_wconf 87' lang='lat' dir='ltr'><strong>evidens</strong></span> <span class='ocrx_word' id='word_1_34' title='bbox 1097 959 1374 1024; x_wconf 90' lang='lat' dir='ltr'><strong>omnino</strong></span> <span class='ocrx_word' id='word_1_35' title='bbox 1433 962 2015 1027; x_wconf 86' lang='lat' dir='ltr'><strong>consecrationem</strong></span> <span class='ocrx_word' id='word_1_36' title='bbox 2076 964 2349 1051; x_wconf 86' lang='lat' dir='ltr'><strong>requiri.</strong></span> <span class='ocrx_word' id='word_1_37' title='bbox 2409 1002 2499 1013; x_wconf 94' lang='lat'><strong>—</strong></span> <span class='ocrx_word' id='word_1_38' title='bbox 2544 965 2649 1031; x_wconf 89' lang='lat' dir='ltr'><strong>Cf.</strong></span> <span class='ocrx_word' id='word_1_39' title='bbox 2696 988 2840 1054; x_wconf 87' lang='lat' dir='ltr'><strong>cap.</strong></span> 
     </span>
     <span class='ocr_line' id='line_1_6' title="bbox 599 1070 1666 1156; baseline 0.004 -21"><span class='ocrx_word' id='word_1_40' title='bbox 599 1070 793 1146; x_wconf 81' lang='lat' dir='ltr'><strong>Quod</strong></span> <span class='ocrx_word' id='word_1_41' title='bbox 833 1073 900 1136; x_wconf 85' lang='lat' dir='ltr'><strong>in</strong></span> <span class='ocrx_word' id='word_1_42' title='bbox 940 1073 1198 1156; x_wconf 73' lang='lat' dir='ltr'><strong>dubiis,</strong></span> <span class='ocrx_word' id='word_1_43' title='bbox 1243 1073 1316 1149; x_wconf 89' lang='lat'><strong>3,</strong></span> <span class='ocrx_word' id='word_1_44' title='bbox 1361 1074 1512 1139; x_wconf 90' lang='lat' dir='ltr'><strong>eod.</strong></span> <span class='ocrx_word' id='word_1_45' title='bbox 1557 1073 1666 1140; x_wconf 84' lang='lat' dir='ltr'><strong>tit.</strong></span> 
     </span>
    </p>

    <p class='ocr_par' dir='ltr' id='par_1_3' title="bbox 591 1186 2849 1731">
     <span class='ocr_line' id='line_1_7' title="bbox 682 1186 2844 1279; baseline 0.005 -30"><span class='ocrx_word' id='word_1_46' title='bbox 682 1186 755 1249; x_wconf 84' lang='lat'><strong>20</strong></span> <span class='ocrx_word' id='word_1_47' title='bbox 791 1187 1108 1253; x_wconf 74' lang='lat' dir='ltr'><strong>Rubricis</strong></span> <span class='ocrx_word' id='word_1_48' title='bbox 1143 1188 1578 1273; x_wconf 75' lang='lat' dir='ltr'><strong>qeneralihus</strong></span> <span class='ocrx_word' id='word_1_49' title='bbox 1616 1188 1938 1274; x_wconf 68' lang='lat' dir='ltr'><strong>Missalis,</strong></span> <span class='ocrx_word' id='word_1_50' title='bbox 1978 1213 2045 1277; x_wconf 90' lang='lat' dir='ltr'><strong>p.</strong></span> <span class='ocrx_word' id='word_1_51' title='bbox 2079 1191 2140 1273; x_wconf 89' lang='lat'><strong>1,</strong></span> <span class='ocrx_word' id='word_1_52' title='bbox 2174 1192 2281 1258; x_wconf 86' lang='lat' dir='ltr'><strong>tit.</strong></span> <span class='ocrx_word' id='word_1_53' title='bbox 2328 1213 2418 1257; x_wconf 86' lang='lat' dir='ltr'><strong>xx</strong></span> <span class='ocrx_word' id='word_1_54' title='bbox 2452 1212 2469 1261; x_wconf 87' lang='grc'>;</span> <span class='ocrx_word' id='word_1_55' title='bbox 2508 1220 2539 1253; x_wconf 89' lang='lat'>«</span> <span class='ocrx_word' id='word_1_56' title='bbox 2573 1194 2844 1279; x_wconf 78' lang='lat' dir='ltr'><strong>Altare,</strong></span> 
     </span>
     <span class='ocr_line' id='line_1_8' title="bbox 596 1302 2843 1391; baseline 0.004 -27"><span class='ocrx_word' id='word_1_57' title='bbox 596 1302 663 1365; x_wconf 88' lang='lat' dir='ltr'><strong>in</strong></span> <span class='ocrx_word' id='word_1_58' title='bbox 711 1324 847 1387; x_wconf 77' lang='lat' dir='ltr'><strong>quo</strong></span> <span class='ocrx_word' id='word_1_59' title='bbox 894 1310 1398 1366; x_wconf 76' lang='lat' dir='ltr'><strong>sacrosanctum</strong></span> <span class='ocrx_word' id='word_1_60' title='bbox 1457 1302 1671 1368; x_wconf 68' lang='lat' dir='ltr'><strong>missae</strong></span> <span class='ocrx_word' id='word_1_61' title='bbox 1726 1305 2138 1389; x_wconf 76' lang='lat' dir='ltr'><strong>sacrificium</strong></span> <span class='ocrx_word' id='word_1_62' title='bbox 2186 1305 2669 1372; x_wconf 82' lang='lat' dir='ltr'><strong>celebrandum</strong></span> <span class='ocrx_word' id='word_1_63' title='bbox 2718 1316 2843 1391; x_wconf 73' lang='lat' dir='ltr'><strong>est,</strong></span> 
     </span>
     <span class='ocr_line' id='line_1_9' title="bbox 592 1415 2849 1505; baseline 0.003 -26"><span class='ocrx_word' id='word_1_64' title='bbox 592 1416 786 1479; x_wconf 83' lang='lat' dir='ltr'><strong>dehet</strong></span> <span class='ocrx_word' id='word_1_65' title='bbox 824 1438 959 1480; x_wconf 72' lang='lat' dir='ltr'><strong>esse</strong></span> <span class='ocrx_word' id='word_1_66' title='bbox 987 1415 1356 1503; x_wconf 88' lang='lat' dir='ltr'><strong>lapideum,</strong></span> <span class='ocrx_word' id='word_1_67' title='bbox 1392 1423 1460 1481; x_wconf 89' lang='lat' dir='ltr'><strong>et</strong></span> <span class='ocrx_word' id='word_1_68' title='bbox 1498 1415 1584 1481; x_wconf 90' lang='lat' dir='ltr'><strong>ab</strong></span> <span class='ocrx_word' id='word_1_69' title='bbox 1624 1417 1967 1505; x_wconf 76' lang='lat' dir='ltr'>episcope,</span> <span class='ocrx_word' id='word_1_70' title='bbox 2002 1418 2146 1483; x_wconf 85' lang='lat' dir='ltr'><strong>sive</strong></span> <span class='ocrx_word' id='word_1_71' title='bbox 2176 1418 2422 1486; x_wconf 84' lang='lat' dir='ltr'><strong>abbate</strong></span> <span class='ocrx_word' id='word_1_72' title='bbox 2452 1419 2849 1487; x_wconf 79' lang='lat' dir='ltr'><strong>facultatem</strong></span> 
     </span>
     <span class='ocr_line' id='line_1_10' title="bbox 591 1528 2849 1616; baseline 0.003 -23"><span class='ocrx_word' id='word_1_73' title='bbox 591 1552 628 1593; x_wconf 92' lang='lat' dir='ltr'><strong>a</strong></span> <span class='ocrx_word' id='word_1_74' title='bbox 688 1529 861 1595; x_wconf 85' lang='lat' dir='ltr'>Sede</span> <span class='ocrx_word' id='word_1_75' title='bbox 928 1528 1298 1616; x_wconf 88' lang='lat' dir='ltr'><strong>apostolica</strong></span> <span class='ocrx_word' id='word_1_76' title='bbox 1365 1528 1692 1610; x_wconf 81' lang='lat' dir='ltr'><strong>habente,</strong></span> <span class='ocrx_word' id='word_1_77' title='bbox 1754 1542 2241 1599; x_wconf 75' lang='lat' dir='ltr'><strong>consecratum.</strong></span> <span class='ocrx_word' id='word_1_78' title='bbox 2300 1560 2331 1593; x_wconf 88' lang='lat'>»</span> <span class='ocrx_word' id='word_1_79' title='bbox 2400 1534 2597 1600; x_wconf 87' lang='lat' dir='ltr'><strong>Unde</strong></span> <span class='ocrx_word' id='word_1_80' title='bbox 2662 1534 2849 1601; x_wconf 89' lang='lat' dir='ltr'><strong>nulla</strong></span> 
     </span>
     <span class='ocr_line' id='line_1_11' title="bbox 593 1644 2743 1731; baseline 0.003 -23"><span class='ocrx_word' id='word_1_81' title='bbox 593 1652 819 1731; x_wconf 86' lang='lat' dir='ltr'><strong>potest</strong></span> <span class='ocrx_word' id='word_1_82' title='bbox 856 1666 1004 1709; x_wconf 92' lang='lat' dir='ltr'><strong>esse</strong></span> <span class='ocrx_word' id='word_1_83' title='bbox 1046 1644 1169 1709; x_wconf 87' lang='lat' dir='ltr'><strong>hae</strong></span> <span class='ocrx_word' id='word_1_84' title='bbox 1209 1644 1290 1708; x_wconf 89' lang='lat' dir='ltr'><strong>de</strong></span> <span class='ocrx_word' id='word_1_85' title='bbox 1330 1667 1402 1708; x_wconf 88' lang='lat' dir='ltr'><strong>re</strong></span> <span class='ocrx_word' id='word_1_86' title='bbox 1442 1644 1840 1727; x_wconf 77' lang='lat' dir='ltr'><strong>difficultaS‚</strong></span> <span class='ocrx_word' id='word_1_87' title='bbox 1885 1654 1953 1711; x_wconf 88' lang='lat' dir='ltr'><strong>et</strong></span> <span class='ocrx_word' id='word_1_88' title='bbox 1993 1647 2085 1712; x_wconf 87' lang='lat' dir='ltr'><strong>ita</strong></span> <span class='ocrx_word' id='word_1_89' title='bbox 2124 1670 2364 1713; x_wconf 89' lang='lat' dir='ltr'><strong>omnes</strong></span> <span class='ocrx_word' id='word_1_90' title='bbox 2401 1648 2743 1715; x_wconf 58' lang='lat' dir='ltr'><strong>doctores</strong></span> 
     </span>
    </p>
   </div>
   <div class='ocr_carea' id='block_1_3' title="bbox 682 1855 2851 2057">
    <p class='ocr_par' dir='ltr' id='par_1_4' title="bbox 682 1855 2851 2057">
     <span class='ocr_line' id='line_1_12' title="bbox 682 1855 2407 1928; baseline 0.002 -5"><span class='ocrx_word' id='word_1_91' title='bbox 682 1855 871 1924; x_wconf 88' lang='grc'><strong>118.</strong></span> <span class='ocrx_word' id='word_1_92' title='bbox 910 1894 1000 1904; x_wconf 92' lang='lat'><strong>——</strong></span> <span class='ocrx_word' id='word_1_93' title='bbox 1038 1856 1408 1924; x_wconf 77' lang='lat' dir='ltr'><strong>Minister</strong></span> <span class='ocrx_word' id='word_1_94' title='bbox 1441 1858 2066 1928; x_wconf 80' lang='lat' dir='ltr'><strong>consecrationis</strong></span> <span class='ocrx_word' id='word_1_95' title='bbox 2104 1857 2407 1927; x_wconf 74' lang='lat' dir='ltr'><strong>altaris.</strong></span> 
     </span>
     <span class='ocr_line' id='line_1_13' title="bbox 685 1970 2851 2057; baseline 0.003 -24"><span class='ocrx_word' id='word_1_96' title='bbox 685 1973 748 2033; x_wconf 81' lang='lat'><strong>1⁰</strong></span> <span class='ocrx_word' id='word_1_97' title='bbox 786 1970 1072 2049; x_wconf 85' lang='lat' dir='ltr'><strong>Quando</strong></span> <span class='ocrx_word' id='word_1_98' title='bbox 1111 1970 1322 2035; x_wconf 83' lang='lat' dir='ltr'><strong>altare</strong></span> <span class='ocrx_word' id='word_1_99' title='bbox 1361 1978 1799 2036; x_wconf 83' lang='lat' dir='ltr'><strong>consecratur</strong></span> <span class='ocrx_word' id='word_1_100' title='bbox 1838 1973 1907 2035; x_wconf 88' lang='lat' dir='ltr'><strong>in</strong></span> <span class='ocrx_word' id='word_1_101' title='bbox 1948 1974 2090 2057; x_wconf 75' lang='lat' dir='ltr'><strong>ipso</strong></span> <span class='ocrx_word' id='word_1_102' title='bbox 2136 1981 2289 2037; x_wconf 80' lang='lat' dir='ltr'><strong>actu</strong></span> <span class='ocrx_word' id='word_1_103' title='bbox 2331 1977 2851 2041; x_wconf 71' lang='lat' dir='ltr'><strong>consecrationis</strong></span> 
     </span>
    </p>
   </div>
   <div class='ocr_carea' id='block_1_4' title="bbox 577 2084 2852 3973">
    <p class='ocr_par' dir='ltr' id='par_1_5' title="bbox 589 2084 2852 2399">
     <span class='ocr_line' id='line_1_14' title="bbox 589 2084 2852 2167; baseline 0.003 -20"><span class='ocrx_word' id='word_1_104' title='bbox 589 2084 902 2167; x_wconf 69' lang='lat' dir='ltr'><strong>ecclesiae,</strong></span> <span class='ocrx_word' id='word_1_105' title='bbox 937 2084 1249 2149; x_wconf 87' lang='lat' dir='ltr'><strong>minister</strong></span> <span class='ocrx_word' id='word_1_106' title='bbox 1277 2085 1805 2150; x_wconf 84' lang='lat' dir='ltr'><strong>consecrationis</strong></span> <span class='ocrx_word' id='word_1_107' title='bbox 1834 2086 2135 2151; x_wconf 85' lang='lat' dir='ltr'><strong>ecclesiae</strong></span> <span class='ocrx_word' id='word_1_108' title='bbox 2166 2094 2272 2152; x_wconf 85' lang='lat' dir='ltr'><strong>est</strong></span> <span class='ocrx_word' id='word_1_109' title='bbox 2301 2088 2507 2152; x_wconf 89' lang='lat' dir='ltr'><strong>etiam</strong></span> <span class='ocrx_word' id='word_1_110' title='bbox 2536 2088 2852 2154; x_wconf 79' lang='lat' dir='ltr'><strong>minister</strong></span> 
     </span>
     <span class='ocr_line' id='line_1_15' title="bbox 590 2196 2848 2290; baseline 0.003 -29"><span class='ocrx_word' id='word_1_111' title='bbox 590 2196 1117 2262; x_wconf 82' lang='lat' dir='ltr'><strong>consecrationis</strong></span> <span class='ocrx_word' id='word_1_112' title='bbox 1179 2197 1447 2277; x_wconf 82' lang='lat' dir='ltr'><strong>altaris;</strong></span> <span class='ocrx_word' id='word_1_113' title='bbox 1514 2197 1695 2263; x_wconf 91' lang='lat' dir='ltr'><strong>unde</strong></span> <span class='ocrx_word' id='word_1_114' title='bbox 1756 2198 1926 2263; x_wconf 90' lang='lat' dir='ltr'><strong>nihil</strong></span> <span class='ocrx_word' id='word_1_115' title='bbox 1988 2200 2378 2266; x_wconf 89' lang='lat' dir='ltr'><strong>addendum</strong></span> <span class='ocrx_word' id='word_1_116' title='bbox 2436 2203 2848 2290; x_wconf 87' lang='lat' dir='ltr'><strong>supradictis</strong></span> 
     </span>
     <span class='ocr_line' id='line_1_16' title="bbox 591 2309 911 2399; baseline 0 -24"><span class='ocrx_word' id='word_1_117' title='bbox 591 2312 694 2397; x_wconf 91' lang='lat' dir='ltr'><strong>(n.</strong></span> <span class='ocrx_word' id='word_1_118' title='bbox 744 2309 911 2399; x_wconf 78' lang='grc'>11).</span> 
     </span>
    </p>

    <p class='ocr_par' dir='ltr' id='par_1_6' title="bbox 577 2423 2849 3973">
     <span class='ocr_line' id='line_1_17' title="bbox 676 2423 2849 2509; baseline 0.003 -21"><span class='ocrx_word' id='word_1_119' title='bbox 676 2425 748 2488; x_wconf 86' lang='grc'><strong>20</strong></span> <span class='ocrx_word' id='word_1_120' title='bbox 788 2424 1073 2504; x_wconf 88' lang='lat' dir='ltr'><strong>Quando</strong></span> <span class='ocrx_word' id='word_1_121' title='bbox 1112 2423 1323 2489; x_wconf 83' lang='lat' dir='ltr'><strong>altare</strong></span> <span class='ocrx_word' id='word_1_122' title='bbox 1373 2423 1596 2490; x_wconf 90' lang='lat' dir='ltr'><strong>solum</strong></span> <span class='ocrx_word' id='word_1_123' title='bbox 1634 2434 2090 2509; x_wconf 87' lang='lat' dir='ltr'><strong>consecratur,</strong></span> <span class='ocrx_word' id='word_1_124' title='bbox 2136 2428 2223 2495; x_wconf 89' lang='lat' dir='ltr'><strong>ad</strong></span> <span class='ocrx_word' id='word_1_125' title='bbox 2258 2451 2569 2495; x_wconf 86' lang='lat' dir='ltr'><strong>normam</strong></span> <span class='ocrx_word' id='word_1_126' title='bbox 2610 2430 2849 2495; x_wconf 80' lang='lat' dir='ltr'><strong>Ponti-</strong></span> 
     </span>
     <span class='ocr_line' id='line_1_18' title="bbox 583 2539 2847 2630; baseline 0.002 -25"><span class='ocrx_word' id='word_1_127' title='bbox 583 2541 798 2625; x_wconf 76' lang='lat' dir='ltr'><strong>ficalis</strong></span> <span class='ocrx_word' id='word_1_128' title='bbox 851 2539 1172 2622; x_wconf 80' lang='lat' dir='ltr'><strong>Romani,</strong></span> <span class='ocrx_word' id='word_1_129' title='bbox 1236 2539 1339 2603; x_wconf 82' lang='lat' dir='ltr'><strong>tit.</strong></span> <span class='ocrx_word' id='word_1_130' title='bbox 1399 2539 1497 2603; x_wconf 88' lang='lat' dir='ltr'><strong>De</strong></span> <span class='ocrx_word' id='word_1_131' title='bbox 1535 2539 1775 2606; x_wconf 74' lang='lat' dir='ltr'><strong>altaris</strong></span> <span class='ocrx_word' id='word_1_132' title='bbox 1820 2545 2313 2608; x_wconf 76' lang='lat' dir='ltr'><strong>consecratione</strong></span> <span class='ocrx_word' id='word_1_133' title='bbox 2359 2567 2511 2630; x_wconf 83' lang='lat' dir='ltr'><strong>quae</strong></span> <span class='ocrx_word' id='word_1_134' title='bbox 2563 2546 2649 2629; x_wconf 75' lang='lat' dir='ltr'><strong>sit</strong></span> <span class='ocrx_word' id='word_1_135' title='bbox 2706 2547 2847 2609; x_wconf 81' lang='lat' dir='ltr'><strong>sine</strong></span> 
     </span>
     <span class='ocr_line' id='line_1_19' title="bbox 583 2651 2843 2736; baseline 0.001 -17"><span class='ocrx_word' id='word_1_136' title='bbox 583 2655 862 2720; x_wconf 65' lang='lat' dir='ltr'><strong>ecclesiae</strong></span> <span class='ocrx_word' id='word_1_137' title='bbox 901 2652 1336 2736; x_wconf 77' lang='lat' dir='ltr'><strong>dedicatione,</strong></span> <span class='ocrx_word' id='word_1_138' title='bbox 1371 2651 1553 2717; x_wconf 90' lang='lat' dir='ltr'><strong>idem</strong></span> <span class='ocrx_word' id='word_1_139' title='bbox 1591 2653 1797 2718; x_wconf 80' lang='lat' dir='ltr'><strong>etiam</strong></span> <span class='ocrx_word' id='word_1_140' title='bbox 1835 2654 2200 2720; x_wconf 89' lang='lat' dir='ltr'><strong>dicendum</strong></span> <span class='ocrx_word' id='word_1_141' title='bbox 2238 2657 2381 2722; x_wconf 83' lang='lat' dir='ltr'><strong>sive</strong></span> <span class='ocrx_word' id='word_1_142' title='bbox 2413 2656 2496 2721; x_wconf 90' lang='lat' dir='ltr'><strong>de</strong></span> <span class='ocrx_word' id='word_1_143' title='bbox 2528 2657 2843 2723; x_wconf 83' lang='lat' dir='ltr'><strong>ministro</strong></span> 
     </span>
     <span class='ocr_line' id='line_1_20' title="bbox 583 2767 2843 2856; baseline 0.002 -24"><span class='ocrx_word' id='word_1_144' title='bbox 583 2769 812 2854; x_wconf 81' lang='lat' dir='ltr'><strong>quoad</strong></span> <span class='ocrx_word' id='word_1_145' title='bbox 847 2768 1287 2849; x_wconf 80' lang='lat' dir='ltr'><strong>validitatem,</strong></span> <span class='ocrx_word' id='word_1_146' title='bbox 1332 2767 1476 2832; x_wconf 83' lang='lat' dir='ltr'><strong>sive</strong></span> <span class='ocrx_word' id='word_1_147' title='bbox 1515 2767 1599 2832; x_wconf 92' lang='lat' dir='ltr'><strong>de</strong></span> <span class='ocrx_word' id='word_1_148' title='bbox 1637 2768 1949 2834; x_wconf 77' lang='lat' dir='ltr'><strong>ministro</strong></span> <span class='ocrx_word' id='word_1_149' title='bbox 1988 2771 2219 2856; x_wconf 81' lang='lat' dir='ltr'><strong>quoad</strong></span> <span class='ocrx_word' id='word_1_150' title='bbox 2259 2771 2649 2853; x_wconf 82' lang='lat' dir='ltr'><strong>liceitatem,</strong></span> <span class='ocrx_word' id='word_1_151' title='bbox 2698 2771 2843 2836; x_wconf 88' lang='lat' dir='ltr'><strong>sive</strong></span> 
     </span>
     <span class='ocr_line' id='line_1_21' title="bbox 583 2881 2841 2970; baseline 0.003 -26"><span class='ocrx_word' id='word_1_152' title='bbox 583 2882 665 2946; x_wconf 92' lang='lat' dir='ltr'><strong>de</strong></span> <span class='ocrx_word' id='word_1_153' title='bbox 731 2881 1083 2970; x_wconf 78' lang='lat' dir='ltr'><strong>privilegio</strong></span> <span class='ocrx_word' id='word_1_154' title='bbox 1140 2881 1581 2967; x_wconf 83' lang='lat' dir='ltr'><strong>Regularium</strong></span> <span class='ocrx_word' id='word_1_155' title='bbox 1645 2881 2053 2965; x_wconf 88' lang='lat' dir='ltr'><strong>advocandi,</strong></span> <span class='ocrx_word' id='word_1_156' title='bbox 2117 2884 2204 2948; x_wconf 92' lang='lat' dir='ltr'><strong>ad</strong></span> <span class='ocrx_word' id='word_1_157' title='bbox 2259 2885 2841 2951; x_wconf 85' lang='lat' dir='ltr'><strong>consecrationem</strong></span> 
     </span>
     <span class='ocr_line' id='line_1_22' title="bbox 582 2995 2843 3084; baseline 0.003 -26"><span class='ocrx_word' id='word_1_158' title='bbox 582 2995 845 3076; x_wconf 86' lang='lat' dir='ltr'><strong>altaris,</strong></span> <span class='ocrx_word' id='word_1_159' title='bbox 888 2995 1096 3059; x_wconf 88' lang='lat' dir='ltr'><strong>alium</strong></span> <span class='ocrx_word' id='word_1_160' title='bbox 1135 2995 1552 3082; x_wconf 85' lang='lat' dir='ltr'><strong>episcopum,</strong></span> <span class='ocrx_word' id='word_1_161' title='bbox 1593 3003 1841 3084; x_wconf 84' lang='lat' dir='ltr'><strong>praeter</strong></span> <span class='ocrx_word' id='word_1_162' title='bbox 1879 2995 2362 3081; x_wconf 88' lang='lat' dir='ltr'><strong>dioecesanum,</strong></span> <span class='ocrx_word' id='word_1_163' title='bbox 2407 2999 2467 3063; x_wconf 92' lang='lat' dir='ltr'><strong>si</strong></span> <span class='ocrx_word' id='word_1_164' title='bbox 2504 2998 2611 3063; x_wconf 83' lang='lat' dir='ltr'><strong>hic</strong></span> <span class='ocrx_word' id='word_1_165' title='bbox 2648 3021 2843 3064; x_wconf 78' lang='lat' dir='ltr'><strong>recu-</strong></span> 
     </span>
     <span class='ocr_line' id='line_1_23' title="bbox 583 3108 2841 3199; baseline 0.002 -25"><span class='ocrx_word' id='word_1_166' title='bbox 583 3111 853 3175; x_wconf 86' lang='lat' dir='ltr'><strong>saverit.</strong></span> <span class='ocrx_word' id='word_1_167' title='bbox 885 3148 972 3158; x_wconf 93' lang='lat'><strong>—</strong></span> <span class='ocrx_word' id='word_1_168' title='bbox 1003 3108 1392 3174; x_wconf 78' lang='lat' dir='ltr'><strong>Notandum</strong></span> <span class='ocrx_word' id='word_1_169' title='bbox 1423 3117 1691 3175; x_wconf 83' lang='lat' dir='ltr'><strong>tantum</strong></span> <span class='ocrx_word' id='word_1_170' title='bbox 1722 3109 2103 3196; x_wconf 81' lang='lat' dir='ltr'><strong>simplicem</strong></span> <span class='ocrx_word' id='word_1_171' title='bbox 2130 3109 2607 3199; x_wconf 81' lang='lat' dir='ltr'><strong>presbyterum</strong></span> <span class='ocrx_word' id='word_1_172' title='bbox 2636 3134 2841 3199; x_wconf 87' lang='lat' dir='ltr'><strong>posse</strong></span> 
     </span>
     <span class='ocr_line' id='line_1_24' title="bbox 581 3221 2837 3315; baseline 0 -26"><span class='ocrx_word' id='word_1_173' title='bbox 581 3224 888 3312; x_wconf 89' lang='lat' dir='ltr'><strong>quidem,</strong></span> <span class='ocrx_word' id='word_1_174' title='bbox 932 3223 1001 3287; x_wconf 87' lang='lat' dir='ltr'><strong>vi</strong></span> <span class='ocrx_word' id='word_1_175' title='bbox 1049 3221 1295 3288; x_wconf 82' lang='lat' dir='ltr'><strong>indulti</strong></span> <span class='ocrx_word' id='word_1_176' title='bbox 1342 3223 1703 3309; x_wconf 81' lang='lat' dir='ltr'><strong>pontificii,</strong></span> <span class='ocrx_word' id='word_1_177' title='bbox 1747 3246 2143 3289; x_wconf 84' lang='lat' dir='ltr'><strong>consecrare</strong></span> <span class='ocrx_word' id='word_1_178' title='bbox 2192 3225 2434 3291; x_wconf 84' lang='lat' dir='ltr'><strong>altaria</strong></span> <span class='ocrx_word' id='word_1_179' title='bbox 2472 3226 2586 3315; x_wconf 84' lang='lat' dir='ltr'><strong>(ut</strong></span> <span class='ocrx_word' id='word_1_180' title='bbox 2629 3227 2837 3292; x_wconf 89' lang='lat' dir='ltr'><strong>etiam</strong></span> 
     </span>
     <span class='ocr_line' id='line_1_25' title="bbox 582 3336 2837 3426; baseline 0 -23"><span class='ocrx_word' id='word_1_181' title='bbox 582 3339 903 3426; x_wconf 87' lang='lat' dir='ltr'><strong>supponit</strong></span> <span class='ocrx_word' id='word_1_182' title='bbox 941 3338 1056 3403; x_wconf 83' lang='lat' dir='ltr'><strong>cit.</strong></span> <span class='ocrx_word' id='word_1_183' title='bbox 1103 3337 1378 3402; x_wconf 81' lang='lat' dir='ltr'><strong>rubrica</strong></span> <span class='ocrx_word' id='word_1_184' title='bbox 1425 3336 1787 3425; x_wconf 68' lang='lat' dir='ltr'><strong>Missalis),</strong></span> <span class='ocrx_word' id='word_1_185' title='bbox 1830 3360 2183 3425; x_wconf 89' lang='lat' dir='ltr'><strong>nunquam</strong></span> <span class='ocrx_word' id='word_1_186' title='bbox 2220 3361 2382 3403; x_wconf 81' lang='lat' dir='ltr'><strong>vero</strong></span> <span class='ocrx_word' id='word_1_187' title='bbox 2432 3339 2499 3404; x_wconf 88' lang='lat' dir='ltr'><strong>vi</strong></span> <span class='ocrx_word' id='word_1_188' title='bbox 2548 3361 2837 3404; x_wconf 88' lang='lat' dir='ltr'><strong>consue-</strong></span> 
     </span>
     <span class='ocr_line' id='line_1_26' title="bbox 579 3450 2837 3541; baseline 0.001 -25"><span class='ocrx_word' id='word_1_189' title='bbox 579 3452 868 3534; x_wconf 81' lang='lat' dir='ltr'><strong>tudinis,</strong></span> <span class='ocrx_word' id='word_1_190' title='bbox 939 3451 1145 3517; x_wconf 87' lang='lat' dir='ltr'><strong>etiam</strong></span> <span class='ocrx_word' id='word_1_191' title='bbox 1219 3450 1810 3532; x_wconf 86' lang='lat' dir='ltr'><strong>immemorabilis;</strong></span> <span class='ocrx_word' id='word_1_192' title='bbox 1892 3451 2049 3540; x_wconf 91' lang='lat' dir='ltr'><strong>quia</strong></span> <span class='ocrx_word' id='word_1_193' title='bbox 2125 3474 2368 3541; x_wconf 87' lang='lat' dir='ltr'><strong>nempe</strong></span> <span class='ocrx_word' id='word_1_194' title='bbox 2444 3475 2594 3541; x_wconf 82' lang='lat' dir='ltr'><strong>quae</strong></span> <span class='ocrx_word' id='word_1_195' title='bbox 2671 3459 2837 3518; x_wconf 87' lang='lat' dir='ltr'><strong>sunt</strong></span> 
     </span>
     <span class='ocr_line' id='line_1_27' title="bbox 581 3563 2836 3653; baseline 0 -24"><span class='ocrx_word' id='word_1_196' title='bbox 581 3567 838 3631; x_wconf 75' lang='lat' dir='ltr'><strong>ordinis</strong></span> <span class='ocrx_word' id='word_1_197' title='bbox 884 3565 1254 3651; x_wconf 70' lang='lat' dir='ltr'><strong>superioris</strong></span> <span class='ocrx_word' id='word_1_198' title='bbox 1304 3564 1496 3653; x_wconf 84' lang='lat' dir='ltr'><strong>(licet</strong></span> <span class='ocrx_word' id='word_1_199' title='bbox 1539 3563 1693 3650; x_wconf 80' lang='lat' dir='ltr'><strong>jure</strong></span> <span class='ocrx_word' id='word_1_200' title='bbox 1746 3565 2043 3630; x_wconf 86' lang='lat' dir='ltr'><strong>humano</strong></span> <span class='ocrx_word' id='word_1_201' title='bbox 2092 3571 2363 3631; x_wconf 86' lang='lat' dir='ltr'><strong>tantum</strong></span> <span class='ocrx_word' id='word_1_202' title='bbox 2411 3566 2567 3631; x_wconf 80' lang='lat' dir='ltr'><strong>huic</strong></span> <span class='ocrx_word' id='word_1_203' title='bbox 2616 3567 2836 3632; x_wconf 85' lang='lat' dir='ltr'><strong>ordini</strong></span> 
     </span>
     <span class='ocr_line' id='line_1_28' title="bbox 579 3679 2837 3769; baseline 0.001 -26"><span class='ocrx_word' id='word_1_204' title='bbox 579 3680 878 3768; x_wconf 86' lang='lat' dir='ltr'><strong>annexa)</strong></span> <span class='ocrx_word' id='word_1_205' title='bbox 918 3701 1268 3767; x_wconf 89' lang='lat' dir='ltr'><strong>nunquam</strong></span> <span class='ocrx_word' id='word_1_206' title='bbox 1312 3684 1605 3766; x_wconf 80' lang='lat' dir='ltr'><strong>possunt</strong></span> <span class='ocrx_word' id='word_1_207' title='bbox 1649 3679 1905 3767; x_wconf 87' lang='lat' dir='ltr'><strong>acquiri</strong></span> <span class='ocrx_word' id='word_1_208' title='bbox 1952 3679 2478 3761; x_wconf 87' lang='lat' dir='ltr'><strong>consuetudine,</strong></span> <span class='ocrx_word' id='word_1_209' title='bbox 2530 3703 2683 3769; x_wconf 83' lang='lat' dir='ltr'><strong>quae</strong></span> <span class='ocrx_word' id='word_1_210' title='bbox 2734 3687 2837 3748; x_wconf 85' lang='lat' dir='ltr'><strong>est</strong></span> 
     </span>
     <span class='ocr_line' id='line_1_29' title="bbox 577 3792 2835 3882; baseline 0.001 -24"><span class='ocrx_word' id='word_1_211' title='bbox 577 3794 802 3882; x_wconf 86' lang='lat' dir='ltr'><strong>potius</strong></span> <span class='ocrx_word' id='word_1_212' title='bbox 839 3792 1242 3882; x_wconf 84' lang='lat' dir='ltr'><strong>corruptela.</strong></span> <span class='ocrx_word' id='word_1_213' title='bbox 1289 3793 1390 3858; x_wconf 81' lang='lat' dir='ltr'><strong>Ita</strong></span> <span class='ocrx_word' id='word_1_214' title='bbox 1428 3792 1605 3858; x_wconf 85' lang='lat' dir='ltr'><strong>clare</strong></span> <span class='ocrx_word' id='word_1_215' title='bbox 1643 3814 1729 3857; x_wconf 86' lang='lat' dir='ltr'><strong>ex</strong></span> <span class='ocrx_word' id='word_1_216' title='bbox 1768 3815 1915 3882; x_wconf 86' lang='lat' dir='ltr'><strong>cap.</strong></span> <span class='ocrx_word' id='word_1_217' title='bbox 1950 3793 2191 3880; x_wconf 81' lang='lat' dir='ltr'><strong>Aqua,</strong></span> <span class='ocrx_word' id='word_1_218' title='bbox 2230 3793 2295 3874; x_wconf 87' lang='grc'><strong>9,</strong></span> <span class='ocrx_word' id='word_1_219' title='bbox 2342 3795 2443 3860; x_wconf 77' lang='grc' dir='ltr'><strong>ΒΕ</strong></span> <span class='ocrx_word' id='word_1_220' title='bbox 2480 3814 2835 3861; x_wconf 66' lang='lat' dir='ltr'><strong>consecu-</strong></span> 
     </span>
     <span class='ocr_line' id='line_1_30' title="bbox 577 3911 1042 3973; baseline -0.002 -1"><span class='ocrx_word' id='word_1_221' title='bbox 577 3927 766 3973; x_wconf 79' lang='lat' dir='ltr'>TIONE</span> <span class='ocrx_word' id='word_1_222' title='bbox 801 3927 974 3972; x_wconf 71' lang='lat' dir='ltr'><strong>nect.</strong></span> <span class='ocrx_word' id='word_1_223' title='bbox 1000 3911 1042 3971; x_wconf 85' lang='lat'><strong>¹.</strong></span> 
     </span>
    </p>
   </div>
   <div class='ocr_carea' id='block_1_5' title="bbox 576 4099 2828 4228">
    <p class='ocr_par' dir='ltr' id='par_1_7' title="bbox 576 4099 2828 4228">
     <span class='ocr_line' id='line_1_31' title="bbox 641 4099 2828 4160; baseline -0 -11"><span class='ocrx_word' id='word_1_224' title='bbox 641 4101 658 4136; x_wconf 85' lang='lat'><strong>¹</strong></span> <span class='ocrx_word' id='word_1_225' title='bbox 695 4101 763 4151; x_wconf 83' lang='lat' dir='ltr'><strong>Et</strong></span> <span class='ocrx_word' id='word_1_226' title='bbox 804 4102 879 4149; x_wconf 77' lang='lat' dir='ltr'><strong>ita</strong></span> <span class='ocrx_word' id='word_1_227' title='bbox 927 4114 1114 4150; x_wconf 84' lang='lat' dir='ltr'><strong>omnes</strong></span> <span class='ocrx_word' id='word_1_228' title='bbox 1161 4099 1443 4159; x_wconf 52' lang='lat' dir='ltr'><strong>doctorem</strong></span> <span class='ocrx_word' id='word_1_229' title='bbox 1492 4100 1564 4151; x_wconf 83' lang='lat' dir='ltr'><strong>cf.</strong></span> <span class='ocrx_word' id='word_1_230' title='bbox 1614 4099 1790 4157; x_wconf 64' lang='lat' dir='ltr'><strong>Reim,</strong></span> <span class='ocrx_word' id='word_1_231' title='bbox 1840 4100 1895 4150; x_wconf 86' lang='lat' dir='ltr'><strong>in</strong></span> <span class='ocrx_word' id='word_1_232' title='bbox 1958 4101 2043 4150; x_wconf 77' lang='lat' dir='ltr'><strong>tit.</strong></span> <span class='ocrx_word' id='word_1_233' title='bbox 2099 4101 2177 4149; x_wconf 84' lang='lat' dir='ltr'><strong>De</strong></span> <span class='ocrx_word' id='word_1_234' title='bbox 2228 4101 2633 4152; x_wconf 71' lang='lat' dir='ltr'><strong>consecratione</strong></span> <span class='ocrx_word' id='word_1_235' title='bbox 2678 4101 2828 4160; x_wconf 66' lang='lat' dir='ltr'><strong>eccl„</strong></span> 
     </span>
     <span class='ocr_line' id='line_1_32' title="bbox 576 4183 850 4228; baseline -0.007 0"><span class='ocrx_word' id='word_1_236' title='bbox 576 4195 627 4228; x_wconf 89' lang='lat' dir='ltr'><strong>n.</strong></span> <span class='ocrx_word' id='word_1_237' title='bbox 669 4183 850 4228; x_wconf 72' lang='lat'><strong>34-35.</strong></span> 
     </span>
    </p>
   </div>
  </div>
 </body>
</html>
