3192 5025
659 467 761 521 110
1557 469 1643 518 DE
1680 468 2016 520 ECCLESIIS

654 615 1064 696 canonibus,
1115 615 1148 696 ἕ
1194 612 1268 694 2,
1323 617 1454 678 act.
1499 613 1575 694 5,
1619 612 1919 679 declarat
1968 611 2317 700 subjacere
2367 614 2911 680 excommunica-

655 728 824 795 tioni
852 729 1010 793 latae
1046 726 1402 792 sententiae
1433 727 1746 792 Romano
1780 726 2093 792 Pontifici
2131 733 2491 792 reservatae
2520 746 2535 792 ε
2582 753 2616 788 «
2652 726 2913 793 Immu-

653 843 939 909 nitatem
987 841 1160 928 asyli
1196 840 1637 906 ecclesiastici
1685 862 1857 906 ausu
1900 841 2255 906 temerario
2298 840 2549 906 violare
2581 843 2913 928 jubentes

654 965 774 1022 aut
810 955 1200 1020 violante³¹.
1249 983 1280 1016 »

743 1181 880 1250 56.
918 1219 1002 1230 -
1053 1182 1395 1258 Quinam
1440 1181 1592 1250 hac
1637 1199 1880 1268 poena
1924 1181 2341 1250 feriantur.
2382 1219 2471 1231 -
2517 1181 2661 1246 Hac
2708 1203 2912 1269 poena

653 1294 984 1361 feriuntur
1031 1295 1182 1360 duae
1231 1295 1494 1382 species
1543 1294 2087 1383 delinquentium
2130 1314 2147 1360 ε

744 1412 809 1473 1⁶
848 1408 981 1484 Qui
1019 1409 1272 1474 violant
1300 1412 1680 1495 praefatam
1719 1409 2219 1473 immunitatem
2230 1427 2261 1491 ,⁶
2281 1407 2458 1473 hanc
2496 1417 2730 1474 autem
2771 1410 2913 1475 vio-

650 1524 798 1589 lant
844 1542 860 1590 ε

742 1659 804 1702 a.
859 1634 991 1715 Qui
1039 1658 1262 1717 reum,
1324 1635 1396 1701 in
1452 1635 1605 1700 loco
1659 1635 1978 1712 immuni,
2030 1636 2341 1721 capiunt,
2396 1636 2459 1700 vi
2501 1639 2907 1724 extrahunt,

647 1757 769 1816 aut
836 1751 1288 1832 incarcerant,
1362 1749 1504 1815 sive
1570 1749 1641 1812 in
1708 1747 2103 1814 criminibus
2168 1771 2306 1813 non
2370 1751 2706 1838 exceptiS,
2766 1754 2909 1817 sive

647 1864 887 1945 etiam,
931 1864 1076 1928 sine
1114 1863 1506 1928 interventu
1542 1862 1906 1950 potestatis
1944 1861 2451 1944 ecclesiasticae,
2494 1864 2565 1929 in
2604 1865 2911 1930 crimini-

645 1977 775 2043 bus
813 1977 1136 2064 exceptiS.
1181 2015 1272 2024 —
1302 1976 1406 2041 Ita
1443 1998 1528 2040 ex
1566 1974 1786 2041 tribus
1823 1974 2033 2040 bullis
2071 1976 2186 2040 cit.

736 2092 807 2157 h.
878 2090 1011 2170 Qui
1073 2098 1411 2155 conantur
1469 2112 1662 2154 reum
1728 2111 1999 2175 capere,
2072 2089 2454 2172 extrahere,
2512 2097 2673 2173 etc.,
2745 2092 2907 2158 licet

647 2226 881 2270 revera
927 2227 1064 2269 non
1112 2203 1419 2291 capiant,
1462 2203 1655 2291 quia,
1698 2225 1763 2266 V.
1809 2225 1908 2288 g.,
1952 2225 2109 2268 reus
2153 2203 2415 2284 latitat,
2458 2203 2569 2269 vel
2616 2205 2899 2270 resistit.

645 2357 736 2367 —-
782 2317 882 2382 Ita
931 2340 1012 2382 ex
1061 2315 1249 2382 bulla
1297 2315 1608 2402 Gregorii
1645 2315 1835 2397 XIV,
1889 2316 2041 2403 qui,
2096 2319 2129 2401 ᾖ
2181 2315 2253 2394 8,
2308 2317 2515 2381 etiam
2562 2325 2905 2384 tent-amen

647 2455 768 2498 seu
803 2438 1120 2496 conatum
1160 2429 1381 2520 poenis
1418 2429 1720 2516 plectit2.

734 2570 792 2612 c.
837 2544 969 2625 Qui
1011 2546 1452 2630 intercipiunt
1489 2544 1836 2627 alimenta,
1870 2550 1949 2609 ut
1987 2566 2143 2609 reus
2182 2552 2467 2632 cogatur
2494 2569 2569 2611 se
2605 2546 2899 2626 tradere,

645 2660 756 2726 vel
812 2681 1238 2748 quacumque
1295 2656 1428 2723 alia
1491 2657 1574 2722 de
1632 2680 1856 2723 causa.
1902 2696 1989 2706 -—
2043 2657 2145 2723 Ita
2208 2681 2291 2723 ex
2354 2658 2703 2725 Benedicti
2742 2658 2903 2724 XIV

646 2772 865 2854 bulla,
910 2776 942 2856 ᾖ·
983 2772 1088 2836 14.

733 2888 802 2952 d.
846 2885 1010 2967 Qui,
1054 2884 1216 2948 dum
1255 2906 1412 2949 reus
1448 2890 1556 2948 est
1591 2883 1663 2947 in
1700 2885 1851 2949 loco
1881 2884 2201 2965 immuni,
2238 2885 2419 2950 hunc
2460 2885 2682 2951 locum
2716 2886 2903 2952 ohsi-

643 3001 835 3082 dent,
877 3020 964 3063 ne
1001 3021 1158 3063 reus
1195 2996 1518 3085 aufugere
1556 2997 1805 3084 possit,
1852 3004 1980 3063 etc.
2034 3037 2123 3046 —
2163 2997 2266 3064 Ita
2312 3021 2397 3064 ex
2434 2999 2673 3064 eadem
2706 2996 2903 3065 bulla

644 3111 1029 3192 Benedicti,
1073 3116 1106 3195 ξ
1147 3110 1253 3176 14.

731 3226 799 3290 2⁰
862 3224 993 3302 Qui
1052 3226 1302 3291 violare
1354 3224 1612 3312 jubent
1668 3229 2040 3311 praefatam
2098 3227 2630 3310 immunitatem,
2692 3228 2900 3292 modo

640 3349 904 3421 tamen,
958 3362 1042 3405 ex
1099 3338 1333 3424 regula
1369 3336 1703 3425 generali,
1748 3337 2024 3403 violatio
2064 3346 2449 3428 perpetrata
2487 3339 2719 3423 fuerit,
2766 3340 2899 3407 sal—

641 3460 780 3520 tem
819 3476 938 3542 per
975 3459 1326 3533 conatum,
1369 3458 1446 3516 ut
1484 3450 1746 3517 dictum
1784 3460 1911 3517 est.

730 3672 867 3742 5⁷.
890 3710 978 3721 —
997 3672 1410 3759 aequisita
1438 3676 1528 3738 ut
1554 3670 1725 3739 haec
1751 3689 1991 3757 poena
2018 3673 2504 3744 incurratur.
2526 3712 2615 3721 —-
2636 3674 2897 3740 Praeter

639 3786 965 3875 requisita
1013 3783 1356 3871 generalia
1405 3789 1482 3848 ut
1532 3806 1817 3849 censura
1866 3785 2279 3869 incurratur,
2324 3786 2408 3853 de
2464 3787 2708 3875 quibus
2764 3811 2892 3853 suo

703 3962 722 3998 ¹
755 3961 837 4010 Pii
868 3959 944 4009 lx
970 3961 1124 4017 Acta,
1158 3961 1196 4008 t.
1230 3974 1282 4019 v,
1314 3974 1368 4023 p.
1401 3964 1488 4019 62,
1519 3960 1615 4010 ubi
1644 3964 1827 4010 tamen
1858 3963 2157 4012 notandum
2183 3965 2269 4014 est
2298 3964 2467 4013 verba
2492 3978 2629 4013 ausu
2660 3966 2892 4013 temen—

639 4040 723 4091 rio
746 4038 999 4104 ponenda
1026 4052 1146 4087 esse
1175 4038 1318 4087 sicut
1345 4039 1624 4101 ponimus,
1651 4038 1729 4087 ita
1753 4041 1814 4088 ut
1837 4040 2035 4089 cadant
2059 4041 2221 4091 simul
2248 4041 2303 4091 in
2319 4042 2581 4106 jubentes
2610 4044 2665 4092 et
2692 4044 2749 4092 in
2774 4042 2891 4093 υἱο-

637 4120 830 4169 lantes.
867 4116 954 4167 Ita
990 4130 1057 4165 ex
1092 4115 1463 4166 lustr-actione
1503 4116 1557 4166 S.
1589 4116 1793 4177 Officii,
1824 4122 1884 4167 15
1914 4119 2057 4183 junii
2086 4124 2237 4181 187o;
2267 4122 2403 4170 Acta
2434 4121 2486 4170 S.
2516 4120 2695 4181 Sedis,
2728 4124 2769 4173 t.
2800 4136 2856 4171 vi

635 4201 832 4324 2²⁴3:
867 4272 1046 4332 Reiu„
1075 4287 1130 4322 n.
1155 4277 1274 4333 217;
1307 4298 1364 4311 -
1395 4272 1714 4338 Schmalzg„
1742 4290 1794 4324 n.
1822 4278 1930 4325 345.
