3192 5025
675 477 781 532 380
1515 481 1604 532 DE
1643 481 1829 532 LOClS
1867 481 2027 532 SACR
2039 483 2094 531 lS

673 622 963 682 instituto
984 643 1349 683 concessum
1378 623 1459 684 sit
1482 623 1976 684 anniversarium
1997 623 2408 684 dedicationis
2427 623 2710 684 omnium
2733 625 2920 686 eccle-

672 719 903 779 siarum
934 740 1061 779 uno
1090 717 1436 801 eodemque
1460 719 1561 780 die
1590 717 1930 794 celebrare,
1965 741 2178 780 omues
2209 728 2271 780 et
2299 720 2528 800 singuli
2557 722 2638 780 de
2669 721 2921 781 relativo

673 815 873 890 clero,
908 815 1138 895 quibus
1170 815 1483 875 indultum
1516 815 1717 890 favet,
1752 816 1990 876 dictum
2029 816 2258 876 festum
2289 816 2480 876 semel
2521 816 2920 877 celebrabunt

672 912 788 970 sub
816 910 941 972 ritu
969 910 1206 991 duplici
1248 911 1461 991 primae
1492 911 1706 972 classis
1745 933 1890 972 cum
1934 919 2188 987 octava,
2223 913 2354 972 sive
2383 911 2646 973 ecclesia
2677 913 2918 993 propria

671 1015 1031 1067 consecrata
1062 1007 1192 1067 sive
1224 1007 1551 1068 benedicta
1586 1015 1828 1070 tantum
1859 1008 2077 1082 fuerit,
2109 1009 2564 1090 cujuscumque
2595 1009 2919 1091 particula-

672 1102 756 1162 ris
782 1103 1042 1163 alterius
1071 1103 1348 1164 ecclesiae
1378 1103 1790 1164 dedicationis
1821 1103 1982 1164 sesto
2007 1103 2262 1164 omisso,

751 1197 861 1258 IV.
894 1197 990 1258 Ad
1018 1199 1509 1260 anniversarium
1540 1206 1750 1260 autem
1777 1199 1948 1281 quod
1985 1207 2228 1281 spectat
2265 1199 2682 1261 dedicationis
2719 1203 2920 1261 cathe-

669 1293 859 1356 dralis
888 1294 1195 1367 ecclesiae,
1230 1294 1294 1356 S.
1332 1295 1461 1356 Rit.
1494 1295 1918 1374 Congregatio
1939 1295 2148 1377 jubet,
2181 1303 2252 1356 ut
2278 1295 2438 1357 illud
2466 1296 2825 1356 celebretur
2849 1297 2920 1358 ab

670 1391 963 1451 universo
990 1391 1160 1451 clero
1190 1391 1471 1452 saeculari
1502 1391 1791 1452 dioecesis
1815 1391 1933 1451 sub
1965 1391 2090 1452 ritu
2119 1391 2354 1473 duplici
2375 1393 2590 1474 primae
2615 1392 2836 1452 classis
2861 1394 2918 1452 in

670 1487 921 1548 civitate
960 1487 1295 1568 episcopali
1346 1509 1489 1550 cum
1534 1495 1756 1550 octava
1774 1537 1788 1563 ‚
1846 1497 2020 1550 extra
2069 1510 2220 1549 vero
2265 1489 2397 1550 sine
2444 1497 2692 1550 octava.
2751 1488 2915 1549 Idem

670 1583 897 1644 festum
942 1583 1219 1644 recolent
1267 1584 1308 1644 ii
1352 1591 1602 1645 tantum
1653 1606 1733 1644 ex
1787 1585 1955 1645 clero
2003 1585 2333 1664 Regulam,
2384 1587 2493 1668 qui
2549 1587 2614 1645 in
2668 1585 2915 1645 civitate

669 1681 905 1760 degunt
932 1681 1294 1762 episcopali,
1328 1682 1444 1740 sub
1474 1681 1600 1742 ritu
1631 1681 1865 1762 duplici
1896 1680 2188 1741 secundae
2217 1682 2434 1742 classis
2457 1682 2592 1742 sine
2621 1691 2861 1742 octava.

750 1776 953 1858 Atque
983 1777 1068 1836 ita
1100 1777 1335 1837 servari
1368 1777 1711 1852 mandavit.

750 1873 865 1932 Die
892 1877 934 1933 9
956 1873 1098 1954 julii
1138 1874 1307 1934 1895.
