3192 5025
1137 454 1343 507 VARIA
1383 456 1470 506 DE
1507 454 1873 506 ALTARIBUS
2524 456 2629 508 225

466 600 542 664 20
571 599 1018 686 privilegium
1047 598 1281 697 altaris
1319 621 1456 663 non
1495 599 1891 664 conceditur
1935 598 2067 663 nisi
2104 600 2310 665 altari
2344 604 2517 685 fixe,
2560 600 2631 665 in

375 736 590 782 sensu
640 713 1126 793 determinat0‚
1171 712 1366 791 licet,
1419 719 1496 777 ut
1549 736 1755 800 supra
1813 712 2069 777 dictum
2110 720 2246 795 est,
2290 714 2480 779 nulla
2516 715 2636 781 fiat

375 826 638 893 mentio
679 826 884 913 hujus
921 826 1267 914 requisiti3
1313 834 1380 889 et
1417 826 1570 891 ideo
1610 826 2045 913 privilegium
2083 828 2362 915 praecise
2402 851 2637 894 conce-

377 941 568 1007 ditur
609 940 806 1005 altari
856 940 989 1020 illi,
1033 962 1171 1004 non
1218 962 1380 1004 vero
1422 946 1635 1028 petrae
1677 962 1797 1005 seu
1836 962 1968 1005 arae
2012 949 2453 1023 consecratae,
2488 964 2639 1031 quae

379 1061 613 1144 potest
650 1053 931 1135 mutari,
975 1054 1138 1141 quin
1183 1060 1418 1141 pereat
1463 1053 1929 1141 privilegium,
1972 1060 2051 1119 ut
2092 1077 2176 1119 ex
2214 1055 2415 1120 dictis
2452 1062 2644 1145 patet

381 1176 454 1235 et
490 1167 844 1255 respondit
881 1168 1086 1232 etiam
1126 1167 1198 1235 S.
1233 1165 1486 1254 Congr.
1533 1168 1804 1255 Indulg.
1836 1172 1879 1233 ¹.

476 1284 546 1349 3⁰
576 1281 772 1348 Unde
811 1282 1022 1346 altare
1054 1282 1380 1367 portatile
1418 1304 1540 1347 seu
1588 1304 1726 1347 non
1759 1286 2013 1367 fixum,
2058 1282 2167 1347 cui
2204 1284 2487 1371 proinde
2526 1306 2647 1351 ne-

387 1398 644 1485 queat²
689 1395 968 1461 concedi
1021 1396 1456 1483 privilegium
1513 1396 1782 1478 altariS‚
1833 1396 2007 1461 illud
2054 1402 2161 1462 est
2207 1398 2390 1486 quod
2428 1421 2468 1463 a
2509 1398 2649 1463 loco

387 1511 690 1576 amoveri
731 1518 986 1596 potest,
1032 1509 1176 1574 sive
1221 1516 1488 1576 constet
1534 1510 1831 1597 simplici
1873 1518 2065 1599 petra
2119 1518 2545 1598 consecrata,
2579 1511 2649 1576 in

390 1648 464 1691 se
505 1624 652 1689 sola
704 1630 774 1689 et
826 1623 1192 1712 separatim
1239 1623 1698 1703 considerata,
1744 1646 1948 1712 quam
2002 1624 2319 1689 sacerdos
2369 1624 2653 1713 proinde

392 1739 478 1803 de
517 1739 669 1804 loco
707 1738 778 1802 in
816 1737 1044 1802 locum
1081 1736 1447 1802 transferre
1477 1738 1719 1825 possit,
1754 1774 1843 1787 -
1872 1737 2018 1803 sive
2057 1745 2325 1807 constet
2362 1737 2656 1826 simplici

395 1858 739 1919 structura
778 1874 928 1941 quae
977 1850 1193 1938 possit
1242 1850 1438 1916 facile
1477 1850 1804 1916 amoveri.
1857 1888 1947 1901 -
1986 1850 2274 1917 Constat
2320 1852 2434 1918 cit.
2479 1851 2659 1917 deci-

397 1967 592 2033 sione
648 1966 732 2033 20
791 1965 1018 2030 martii
1070 1964 1276 2045 1846,
1331 1965 1416 2029 ad
1477 1964 1551 2045 2,
1612 1964 1681 2029 in
1735 1988 1902 2054 qua,
1956 1988 2112 2030 cum
2155 1974 2573 2055 quaereretur
2621 1990 2659 2032 a

399 2082 470 2147 S.
517 2079 770 2166 Congr.
817 2078 1121 2167 Indulg.,
1165 2079 1329 2167 quid
1379 2078 1838 2145 intellexisset
1888 2102 2009 2168 per
2049 2080 2267 2145 altare
2296 2082 2655 2166 portatile,

401 2194 513 2261 cui
541 2217 679 2259 non
706 2194 924 2259 soleat
949 2192 1228 2258 concedi
1253 2192 1693 2281 privilegium
1723 2193 1991 2275 altaris,
2026 2194 2379 2282 respondit
2413 2214 2428 2261 ε
2474 2222 2507 2257 «
2554 2193 2663 2260 In-

401 2308 754 2377 tellexisse
791 2308 1030 2390 altare,
1059 2314 1138 2371 ut
1183 2305 1456 2387 dicitur,
1489 2306 1843 2388 viaticum,
1874 2306 2056 2395 quod
2093 2316 2353 2372 constat
2394 2316 2664 2373 tantum
2720 2352 2737 2365 κ

401 2447 490 2489 ex
522 2424 718 2487 unico
759 2422 981 2508 lapide
1021 2422 1286 2506 inteqro
1337 2427 1538 2485 tantae
1578 2422 2104 2506 maqnitudiniS,
2161 2430 2236 2486 ut
2283 2422 2509 2487 calicis
2546 2445 2667 2507 pe-

402 2539 562 2602 dem
612 2560 768 2602 cum
812 2544 1104 2622 patena,
1155 2535 1402 2600 saltem
1440 2535 1667 2623 quoad
1706 2533 2033 2621 majorem
2079 2542 2377 2623 partem,
2431 2557 2667 2621 capere

393 2651 641 2738 possit,
675 2650 788 2714 vel
826 2649 1015 2735 quod
1044 2649 1126 2712 de
1167 2670 1301 2714 uno
1342 2649 1409 2711 in
1447 2647 1665 2713 alium
1698 2649 1919 2713 locum
1962 2649 2448 2733 transfertur-³.
2500 2676 2530 2709 »

505 2889 696 2958 135.
743 2925 834 2938 -
868 2887 986 2956 De
1023 2885 1334 2955 titulari
1371 2885 1677 2955 altaris,

506 3001 571 3065 1⁰
609 3000 899 3080 Quando
929 3000 1143 3065 altare
1179 3001 1402 3084 fixum
1438 2999 1549 3088 (in
1587 3021 1796 3064 sensu
1822 3000 2018 3086 juris
2054 3001 2389 3088 canonici)
2430 3023 2673 3066 conse-

410 3120 665 3196 cratur,
697 3113 900 3180 datur
937 3113 998 3177 ei
1041 3111 1310 3177 Titulus
1339 3135 1461 3176 seu
1497 3111 1790 3178 Sanctus
1828 3113 1886 3176 T
1887 3113 2179 3198 italariS,
2209 3114 2385 3180 sicut
2413 3114 2673 3179 dictum

408 3235 524 3323 pst
557 3227 640 3293 de
681 3226 1008 3307 ecclesiiS‚
1044 3233 1113 3294 et
1147 3232 1225 3290 ut
1260 3231 1450 3313 patet
1486 3247 1572 3290 ex
1610 3225 1997 3310 Pontificali
2034 3227 2361 3312 Romane,
2406 3227 2475 3292 in
2512 3226 2674 3293 titu-

412 3343 506 3408 lis
558 3343 656 3408 De
719 3340 1003 3406 ecclesiae
1069 3340 1516 3423 dedicatione,
1577 3346 1647 3405 et
1700 3339 1798 3403 De
1853 3340 2093 3405 altaris
2155 3342 2675 3406 consecratione.

413 3457 672 3524 Verum
731 3455 844 3520 hic
903 3453 1176 3520 Titulus
1227 3460 1348 3519 aut
1402 3453 1695 3519 Sanctus
1744 3451 2099 3538 TitulariS,
2158 3463 2233 3519 ut
2296 3455 2480 3539 talis,
2535 3476 2674 3520 non

410 3567 625 3635 habet
652 3569 770 3657 jus
822 3568 910 3634 ad
961 3567 1220 3633 cultum
1271 3565 1667 3633 titularibus
1714 3567 2150 3633 ecclesiarum
2202 3567 2531 3636 debitum.
2584 3607 2677 3618 —

415 3684 711 3750 Constat
765 3683 1030 3747 decreto
1081 3680 1386 3766 qenerali
1432 3680 1506 3746 S.
1559 3679 1702 3747 Rit.
1756 3679 2039 3768 Congr.,
2088 3680 2176 3746 28
2224 3703 2381 3768 aug.
2429 3682 2601 3748 1628
2626 3685 2671 3748 ⁴.

481 3878 502 3911 ¹
539 3876 602 3925 In
637 3875 914 3934 Leodien„
946 3879 1003 3923 27
1035 3877 1175 3938 sept.
1208 3877 1362 3934 18⁴3}
1399 3873 1627 3922 Decreta
1658 3873 1998 3932 authentica,
2032 3889 2085 3923 n.
2116 3877 2235 3934 324,
2278 3889 2331 3938 p.
2364 3881 2481 3936 279;
2514 3903 2575 3914 -
2604 3877 2679 3926 er.

415 3956 588 4006 etiam
619 3954 774 4014 ibid„
809 3971 861 4003 n.
891 3958 1010 4013 3³4,
1043 3969 1098 4017 p.
1131 3957 1240 4002 285.

483 4035 508 4070 ²
539 4033 667 4083 Sine
697 4032 919 4096 speciali
946 4031 1178 4080 indulto.

481 4112 508 4148 ³
541 4111 770 4162 Decreta
795 4109 1138 4167 authentica,
1172 4125 1224 4158 n.
1255 4111 1374 4169 334,
1407 4123 1460 4172 p.
1486 4112 1596 4156 286.

479 4192 508 4226 ⁴
541 4189 858 4249 Gai-delfini,
889 4188 976 4238 ed.
1007 4195 1078 4248 3⁸,
1111 4188 1316 4247 Romae,
1339 4189 1478 4247 1856,
1506 4201 1559 4234 n.
1589 4191 1706 4248 769,
1738 4191 1779 4236 t.
1812 4203 1845 4245 1,
1877 4201 1931 4249 p.
1969 4192 2081 4248 1663
2114 4187 2260 4250 quod
2290 4191 2469 4238 tamen
2500 4190 2687 4238 decre-

417 4276 540 4322 tum
575 4284 684 4318 non
711 4269 977 4317 insertum
1007 4269 1093 4316 est
1119 4281 1275 4314 novoe
1305 4264 1614 4314 collectioni
1645 4279 1731 4314 nn.
1766 4269 1904 4314 1898.

612 4363 756 4398 meis
781 4363 976 4398 saenis.
1406 4391 1420 4410 ,
2337 4361 2400 4414 15
