3192 5025
593 451 702 504 250
1169 454 1258 504 DE
1298 452 1732 504 COEMETERUS
1770 452 1853 503 ET
1890 452 2297 503 SEPULTURIS

593 597 911 664 ciliantur
954 597 1156 663 unica
1203 596 1604 664 caeremonia
1652 620 1772 662 seu
1825 597 2217 681 functione;
2264 596 2577 661 minister
2620 600 2845 660 autem

593 710 794 800 hujus
842 711 1210 777 functionis
1257 718 1362 777 est
1407 711 1519 776 vel
1568 710 1961 799 episcopuS,
2004 709 2116 775 vel
2164 709 2457 797 simplex
2494 709 2839 789 sacerdos,

589 833 794 913 prout
845 825 1130 891 ecclesia
1191 824 1317 889 fuit
1373 832 1766 890 consecrata
1818 824 1929 889 vel
1989 846 2161 905 non,
2208 824 2411 913 juxta
2462 824 2849 912 supradicta

592 962 661 1004 n.
706 940 842 1008 42.
884 938 955 1005 Si
993 939 1386 1026 episcopuS,
1430 946 1548 1003 aut
1585 938 1877 1027 simplex
1924 938 2239 1004 sacerdos
2278 939 2343 1003 vi
2388 938 2644 1002 indulti
2680 958 2850 1022 pon-

594 1053 813 1137 tificii,
867 1051 1288 1133 reconciliet,
1322 1052 1540 1117 utitur
1577 1053 1714 1118 ritu
1752 1053 1821 1117 in
1862 1052 2250 1138 Pontificali
2290 1051 2631 1140 descripto
2676 1069 2693 1115 :
2752 1050 2853 1114 De

589 1166 871 1231 ecclesiae
921 1174 986 1230 et
1037 1168 1396 1231 coemeterii
1449 1166 1985 1232 reconciliatione
1996 1186 2026 1249 ;
2077 1168 2135 1232 si
2188 1166 2479 1255 simplex
2530 1164 2849 1231 sacerdos

589 1280 981 1347 reconciliet
1046 1280 1151 1369 (in
1207 1304 1370 1346 casu
1431 1281 1738 1346 ecclesiae
1809 1304 1947 1345 non
2022 1280 2503 1369 consecratae),
2570 1278 2847 1344 adhibet

588 1394 798 1459 ritum
868 1394 1285 1483 descriptum
1357 1395 1428 1459 in
1493 1396 1787 1478 Rituali,
1859 1395 1970 1461 tit.
2044 1416 2192 1477 vlu,
2272 1417 2330 1460 c.
2404 1415 2649 1473 xxvm,
2719 1392 2845 1457 sub

590 1509 854 1575 rubrica
901 1528 915 1575 :
981 1509 1184 1575 Ritus
1242 1510 1722 1575 reconciliandi
1776 1510 2121 1575 ecclesiam
2166 1509 2517 1593 violatam,
2570 1510 2629 1573 si
2678 1530 2843 1573 non-

589 1625 758 1689 dum
794 1632 940 1688 erat
982 1625 1069 1689 ab
1107 1624 1409 1710 episcopo
1448 1633 1875 1707 consecrata,·
1929 1624 1998 1689 in
2038 1647 2175 1712 quo
2212 1623 2349 1689 ritu
2389 1624 2614 1711 agitur
2642 1619 2847 1686 simul

589 1737 674 1803 de
713 1738 994 1802 ecclesiae
1033 1744 1101 1802 et
1140 1737 1224 1803 de
1263 1738 1623 1802 coemeterii
1661 1738 2232 1804 reconciliatione.

678 1850 748 1915 2⁰
784 1851 910 1915 Vel
951 1852 1414 1918 coemeterium
1459 1852 1685 1917 solum
1732 1851 2073 1941 pollutum
2122 1859 2259 1933 est,
2311 1850 2849 1937 independenter

588 1964 674 2029 ab
723 1964 1038 2047 ecclesia,
1090 1987 1229 2030 uno
1275 1988 1519 2053 nempe
1567 1990 1655 2031 ex
1702 1972 1996 2054 quatuor
2042 1965 2307 2031 actibus
2346 1988 2551 2052 supra
2596 1964 2849 2029 descri-

586 2078 748 2166 ptis.
796 2076 873 2141 In
912 2077 1040 2142 hoc
1079 2102 1272 2161 casu,
1318 2078 2013 2166 subdistinguendum
2052 2086 2203 2146 est:

675 2214 739 2256 a.
766 2192 838 2257 Si
859 2193 1324 2259 coemeterium
1345 2193 1548 2259 fuerit
1567 2203 2055 2278 consecratum,
2076 2193 2265 2258 solus
2287 2192 2597 2257 minister
2614 2214 2851 2256 recon-

587 2305 951 2371 ciliationis
979 2313 1082 2373 est
1112 2308 1488 2394 episcopa-3,
1525 2308 1768 2373 eodem
1796 2330 2074 2395 prorsus
2102 2306 2305 2372 modo
2335 2330 2413 2371 ac
2442 2304 2703 2370 dictum
2740 2312 2851 2370 est

587 2442 792 2508 supra
812 2419 912 2509 (n.
933 2420 1069 2509 42)
1094 2421 1176 2486 de
1206 2421 1757 2487 reconciliatione
1782 2422 2083 2487 ecclesiae
2102 2428 2518 2488 consecratae.
2540 2418 2849 2485 —Ratio

587 2541 692 2602 est
730 2535 888 2623 quia
928 2535 1071 2600 haec
1119 2534 1288 2618 duo,
1333 2560 1577 2626 nempe
1629 2538 2079 2603 reconciliatio
2126 2536 2405 2602 ecclesiae
2451 2543 2849 2600 consecratae

585 2655 654 2714 et
694 2649 1142 2715 reconciliatio
1181 2652 1538 2716 coemeterii
1575 2652 1967 2736 consecrati,
1990 2651 2059 2715 in
2077 2650 2231 2736 jure
2269 2648 2546 2716 omnino
2585 2647 2849 2714 assimi-

584 2762 835 2829 lantur.
881 2762 1081 2842 Quod
1117 2787 1255 2829 non
1295 2764 1578 2830 obscure
1618 2764 1911 2831 traditur
1948 2788 2097 2852 cap.
2145 2764 2587 2846 Consuluisti,
2632 2764 2699 2842 7,
2744 2762 2845 2826 DE

586 2895 1094 2942 consanam-mur:
1140 2899 1312 2943 secr..
1350 2899 1365 2946 :
1412 2905 1443 2940 «
1491 2878 1931 2961 Coemeteria,
1977 2879 2046 2943 in
2095 2877 2343 2966 quibus
2382 2877 2847 2943 excommuni-

586 2995 891 3054 catorum
951 3013 1231 3078 corpora
1302 2993 1574 3080 sepeliri
1636 2994 2007 3080 contingit,
2082 2992 2581 3058 reconcilianda
2646 2997 2843 3056 erunt

583 3105 961 3190 aspersione
997 3127 1190 3192 aquae
1225 3107 1617 3172 solemniter
1653 3108 2043 3193 benedictae,
2085 3109 2259 3173 sicut
2299 3107 2369 3173 in
2408 3105 2847 3171 dedicationi-

581 3220 712 3284 Ims
739 3218 1173 3284 ecclesiarum
1209 3223 1363 3306 sieri
1399 3223 1761 3287 consuevit.
1803 3251 1835 3284 »
1872 3220 2069 3302 Quod
2108 3223 2314 3287 etiam
2351 3227 2701 3308 receptum
2740 3225 2845 3282 est

584 3333 1140 3398 communissima
1208 3335 1765 3424 interpretatione
1824 3335 2179 3401 doctorum
2242 3341 2309 3400 et
2370 3333 2843 3399 confirmatum

583 3447 988 3513 auctoritate
1028 3446 1095 3513 S.
1143 3448 1426 3514 Rituum
1466 3448 1749 3537 Congr.,
1786 3449 1856 3514 in
1890 3450 2348 3533 Cameracen„
2383 3448 2424 3515 9
2464 3445 2599 3512 feb.
2640 3444 2839 3528 1608,

584 3561 656 3626 in
685 3585 819 3650 qua
857 3561 1140 3627 resolvit
1178 3563 1605 3652 episcopum,
1640 3563 1727 3629 ad
1764 3563 2340 3629 reconciliandum
2378 3560 2845 3627 coemeterium

582 3682 1086 3757 consecratum,
1140 3699 1278 3741 non
1325 3701 1522 3765 posse
1585 3676 1901 3765 delegare
1949 3677 2083 3743 nisi
2128 3677 2523 3764 episcopum
2550 3681 2595 3742 ¹.
2646 3675 2847 3742 Unde

582 3788 1040 3854 reconciliatio
1079 3790 1448 3855 coemeterii
1485 3791 1865 3857 consecrati
1904 3798 2009 3857 est
2055 3799 2246 3856 actus
2292 3791 2557 3856 ordinis
2594 3791 2844 3875 episco-

572 3902 789 3989 palis,
846 3902 964 3990 qui
1015 3926 1153 3968 non
1212 3911 1436 3992 potest
1500 3904 1811 3970 mandari
1869 3904 2160 3993 simplici
2221 3903 2653 3993 presbyter0‚
2711 3901 2848 3967 nisi

587 4017 853 4082 indulto
882 4018 1278 4103 pontifici0,·
1314 4040 1449 4107 quo
1488 4019 1572 4084 de
1621 4018 1800 4084 facto
1838 4018 2160 4085 fruuntur
2195 4017 2458 4107 praelati
2496 4016 2849 4106 regulares

649 4276 663 4309 ¹
704 4277 930 4326 Decreta
959 4275 1302 4334 authentica,
1336 4292 1388 4325 n.
1421 4281 1538 4338 2⁴6,
1571 4281 1612 4327 t.
1646 4295 1689 4338 1,
1716 4293 1769 4342 p.
1796 4283 1873 4326 66.
