3192 5025
584 535 673 584 DE
712 535 1176 586 INSTITU'I'IONE
1215 534 1776 598 COEMETERIORUM
1815 535 2238 586 PUBLICORUM
2437 533 2534 586 331

280 701 528 766 nempe
596 700 833 744 omnes
904 679 1087 744 cives
1147 679 1422 767 sepeliri
1492 678 1894 745 debuerunt.
1967 678 2068 744 Ita
2148 678 2216 744 in
2275 679 2536 760 Gallia,

281 794 549 857 decreto
586 791 669 856 de
709 793 1109 881 sepulturis»,
1158 793 1239 858 12
1271 793 1450 880 junii
1502 793 1672 859 1804
1715 793 1836 883 (23
1884 792 2162 880 prairial
2207 817 2292 857 an
2341 792 2536 881 XII),

280 913 409 972 art.
460 909 522 988 1,
566 907 675 971 2¹.
722 905 826 972 Ita
864 907 1101 988 etiam,
1146 929 1257 973 an.
1304 906 1509 990 1817,
1554 908 1624 972 in
1665 907 1814 995 ipsa
1861 907 2116 972 ditione
2164 906 2536 995 pontificia,

280 1019 420 1085 lato
488 1019 707 1086 edicto
774 1043 813 1085 a
881 1020 1425 1108 Congregatione
1492 1019 2070 1102 ConsultationiS,
2139 1021 2544 1087 auctoritate

282 1135 387 1198 Pii
427 1133 554 1198 VII
575 1139 617 1199 ².

370 1249 441 1314 3ο
477 1247 819 1326 Quaeritur
863 1271 1024 1336 ergo
1064 1272 1263 1331 num,
1316 1251 1445 1315 ista
1492 1249 1830 1315 erectione
1869 1249 2251 1314 communis
2291 1272 2538 1314 coeme-

281 1361 465 1444 terii,
525 1362 829 1427 eeclesiae
886 1385 1023 1427 non
1078 1361 1501 1450 parochiales
1554 1364 1836 1453 privatae
1883 1364 2022 1428 sint
2061 1363 2215 1451 jure
2258 1365 2540 1449 passivae

279 1477 643 1560 electioni-3,
676 1477 831 1564 jure
868 1500 1113 1565 nempe
1152 1485 1232 1543 ut
1268 1479 1611 1565 eligantur
1631 1485 1975 1576 tanquam·
1999 1476 2302 1542 ecclesiae
2339 1482 2538 1562 fune-

285 1597 512 1654 rantes
519 1607 551 1673 ,⁶
586 1589 753 1655 item
792 1613 958 1655 num
998 1591 1299 1656 ecclesiae
1346 1591 1699 1679 quaelibet,
1745 1615 1895 1679 quae
1933 1590 2190 1656 habent
2227 1591 2538 1677 sepulcra

280 1703 653 1790 gentilitia,
691 1703 841 1790 jure
880 1705 1165 1794 privatae
1206 1706 1343 1770 sint
1381 1705 1772 1771 celebrandi
1809 1711 2060 1791 funera
2100 1727 2334 1770 eorum
2371 1703 2538 1768 fide-

280 1813 484 1897 lium,
542 1838 831 1904 quorum
886 1817 1029 1882 haec
1083 1817 1223 1881 sint
1274 1816 1581 1906 sepulcra
1601 1870 1616 1900 ,
1661 1818 1720 1882 si
1772 1817 2152 1883 moriantur
2204 1817 2350 1881 sine
2398 1815 2538 1880 ele-

280 1929 505 1994 ctione
542 1930 935 2018 sepulturae.

366 2043 441 2108 40
481 2043 865 2110 Difficultas
901 2045 1093 2110 venit
1129 2068 1214 2110 ex
1251 2068 1331 2111 eo
1362 2047 1545 2134 quod
1580 2046 1878 2133 praefatae
1915 2046 2216 2112 ecclesiae
2252 2045 2538 2131 privata·

280 2163 443 2221 sunt
480 2159 653 2242 jure
700 2157 1064 2243 sepeliendi
1072 2177 1103 2242 ,·
1152 2181 1289 2224 non
1338 2159 1593 2224 habent
1649 2160 1834 2224 enim
1885 2159 2180 2248 amplius
2218 2165 2536 2224 coemete-

277 2269 455 2334 rium
503 2271 873 2359 proprium.
922 2271 1165 2354 Porro,
1212 2295 1576 2360 suppresso
1621 2273 1775 2360 jure
1815 2273 2210 2361 sepeliendi,
2255 2296 2336 2336 eo
2388 2273 2535 2359 ipso

278 2389 505 2448 cessat
544 2383 663 2470 jus
712 2383 1102 2466 funerandi;
1139 2383 1255 2472 jus
1308 2388 1491 2451 enim
1544 2387 1918 2474 sepeliendi
1969 2394 2074 2452 est
2115 2387 2529 2472 principale,

268 2496 384 2584 jus
451 2495 811 2564 funerandi
879 2502 1321 2566 accessorium
1342 2521 1373 2585 ,·
1435 2525 1677 2587 porro,
1739 2501 1943 2589 juxta
2011 2524 2152 2587 reg.
2218 2500 2302 2564 42
2361 2498 2536 2587 juris

276 2610 347 2675 in
384 2611 480 2676 VI
523 2630 537 2678 τ
603 2640 637 2673 «
688 2614 1167 2679 Accessorium
1219 2623 1537 2681 naturam
1589 2616 1784 2702 sequi
1834 2614 2150 2701 congruit
2199 2612 2535 2701 principa-

278 2725 383 2791 lis.
424 2752 457 2787 »
499 2725 814 2792 Dubitari
850 2736 1083 2793 autem
1120 2728 1356 2817 nequit
1396 2730 1560 2817 quin
1577 2730 1694 2817 jus
1733 2728 2105 2818 sepeliendi
2154 2726 2246 2793 sit
2272 2727 2533 2813 princi-

270 2840 427 2925 pale
446 2858 475 2923 ,⁰
512 2840 687 2905 ratio
727 2841 909 2906 enim
947 2849 1225 2932 propter
1262 2866 1467 2931 quam
1506 2842 1744 2908 fideles
1783 2841 2150 2930 eligebant,
2193 2850 2272 2907 ut
2308 2842 2534 2929 locum

276 2954 678 3042 sepulturae,
710 2954 921 3020 talem
960 2957 1315 3022 ecclesiam
1334 3009 1348 3038 ,
1384 2957 1764 3045 regularem
1802 2956 1913 3023 vel
1949 2956 2362 3039 saecularem,
2397 2979 2534 3021 non

279 3074 426 3131 erat
460 3067 687 3155 ipsum
739 3066 941 3133 funus
992 3076 1111 3135 aut
1161 3069 1459 3135 officium
1498 3069 1815 3152 funebre,
1859 3070 2044 3158 quod
2092 3070 2276 3135 idem
2323 3076 2429 3134 est
2465 3069 2535 3133 in

278 3180 597 3247 omnihus
635 3182 973 3266 ecclesiiS,
1019 3183 1139 3248 sed
1178 3184 1449 3249 devotio
1489 3208 1649 3271 erga
1691 3184 1898 3249 talem
1937 3184 2318 3265 ecelesiam,
2362 3182 2536 3248 tales

278 3300 585 3378 sanctOS,
629 3296 877 3385 quibus
929 3305 1323 3364 consecrata
1374 3306 1520 3367 erat
1568 3298 1888 3379 ecclesia,
1933 3298 2043 3363 vel
2095 3298 2379 3362 affectus
2419 3302 2536 3361 aut

274 3408 621 3494 gratitudo
683 3433 841 3499 erga
900 3434 1259 3498 personaS,
1304 3420 1464 3493 etc.,
1532 3413 1604 3477 vi
1659 3411 1854 3499 cujus
1915 3411 2112 3477 valde
2173 3408 2538 3500 cupiebant

278 3545 442 3588 suos
480 3524 744 3590 cineres
788 3524 886 3590 ibi
920 3526 1201 3614 deponi,
1245 3526 1363 3591 ubi
1410 3525 1778 3613 sperabant
1823 3549 1894 3591 se
1942 3526 2344 3590 devotorum
2383 3547 2536 3612 pre-

278 3637 473 3703 cibus
509 3646 581 3704 et
614 3639 879 3705 meritis
914 3640 1339 3728 adjuvandos
1378 3664 1525 3705 esse
1562 3641 1746 3727 apud
1784 3641 2028 3705 Deum.
2072 3678 2160 3688 —
2207 3638 2312 3704 Ita
2350 3637 2538 3703 dixe-

280 3758 441 3816 runt
494 3750 697 3817 multi
750 3752 1057 3839 parochi,
1125 3762 1195 3819 et
1254 3754 1461 3819 etiam
1521 3755 1752 3842 plures
1807 3754 2137 3841 episcopi,
2199 3752 2272 3817 in
2331 3752 2538 3817 variis

282 3865 507 3930 causis
560 3864 771 3952 (infra
822 3866 1269 3955 allegandis),
1314 3891 1463 3956 quae
1511 3868 1640 3933 hac
1692 3867 1775 3932 de
1826 3890 1900 3932 re
1949 3867 2190 3933 delatoe
2238 3874 2400 3931 sunt
2451 3864 2537 3931 ad

344 4109 361 4142 ¹
398 4109 645 4160 Bullelin
673 4110 769 4160 des
800 4111 928 4168 loia,
960 4116 1011 4159 ⁴·
1036 4112 1201 4173 serie,
1234 4128 1287 4161 n.
1319 4118 1404 4171 25,
1436 4128 1489 4175 p.
1525 4118 1600 4161 75.

343 4188 367 4222 ²
398 4188 559 4245 Quod
588 4189 828 4238 edictum
857 4206 1003 4253 saepe
1040 4194 1346 4240 memorant
1374 4194 1429 4241 et
1466 4192 1708 4241 referunt
1739 4188 1879 4251 folia
1917 4204 2200 4239 causarum
2233 4190 2310 4239 De
2348 4190 2534 4253 sepul-

282 4265 425 4315 turis
453 4268 599 4331 apud
629 4268 683 4317 S.
716 4268 911 4330 Congr.
938 4269 1125 4327 Cone„
1155 4285 1208 4317 v.
1230 4285 1300 4333 g„
1331 4270 1387 4318 in
1419 4269 1779 4325 Camerinen„
1809 4269 1946 4318 infra
1970 4268 2276 4332 alleganda;
2307 4268 2541 4319 Thesau-

282 4358 405 4405 rus,
436 4349 481 4395 t.
513 4360 691 4409 mxx,
723 4362 778 4411 p.
811 4352 1052 4397 190-191.
