3192 5025
680 469 787 523 288
1252 469 1341 519 DE
1376 468 1812 520 COEMETERUS
1849 469 1934 520 ET
1969 469 2374 522 SEPULTURIS

775 614 967 684 178.
1008 651 1099 666 —
1157 614 1539 682 Canonici
1599 613 1949 682 eoelesiae
2014 612 2474 701 collegiatae.
2526 653 2618 664 —
2681 615 2922 680 Eodem

682 753 959 820 prorsus
989 727 1190 793 modo
1225 727 1587 793 dicendum
1627 732 1732 792 est
1762 727 1844 792 de
1887 727 1992 792 his
2023 751 2098 792 ac
2127 728 2212 793 de
2251 728 2596 794 canonicis
2635 729 2922 795 ecclesiae

681 841 1119 920 cathedraliS,
1156 840 1283 906 sub
1313 848 1628 928 respectu
1659 841 1802 906 sive
1823 839 2000 927 juris
2029 843 2442 925 communiS,
2477 843 2622 908 sive
2650 865 2924 910 consue-

680 957 965 1023 tudinis.
1002 957 1090 1022 Et
1118 978 1279 1020 vero
1301 955 1455 1043 jura
1484 962 1554 1022 et
1582 977 1912 1043 responsa
1941 955 2013 1022 S.
2049 956 2302 1044 Congr.
2339 979 2476 1021 non
2507 957 2929 1045 distinguunt

682 1071 861 1138 inter
898 1070 1023 1134 hos
1062 1077 1130 1135 et
1169 1069 1349 1136 illos‚

774 1300 963 1368 179.
1002 1337 1091 1348 —
1126 1299 1626 1387 Presbyteri,
1666 1299 1963 1386 aliique
2009 1299 2306 1368 clerici.
2354 1339 2444 1349 —
2491 1300 2931 1387 Distinguen-

680 1414 845 1480 dum
882 1413 1161 1479 omnino
1201 1420 1306 1479 est
1338 1431 1353 1480 2

773 1527 838 1592 1⁰
876 1528 949 1593 Si
994 1526 1289 1592 habeant
1335 1528 1404 1592 in
1450 1527 1735 1593 ecclesia
1773 1527 2254 1608 determinata,
2289 1551 2356 1592 v.
2397 1552 2494 1616 g.,
2531 1528 2927 1608 cathedrali,

682 1642 1051 1730 collegiali,
1088 1641 1489 1731 parochiali,
1526 1650 1687 1723 etc.,
1725 1665 1965 1707 verum
1995 1649 2064 1706 et
2091 1642 2361 1730 proprie
2393 1642 2654 1708 dictum
2691 1643 2930 1726 benefi-

678 1759 858 1823 cium
888 1756 1201 1845 (ideoque
1224 1755 1687 1844 perpetuum),
1723 1756 2156 1821 residentiam
2185 1757 2480 1842 exigens,
2516 1756 2598 1822 de
2629 1757 2726 1820 eis
2755 1757 2928 1822 idem

679 1870 1045 1936 dicendum
1092 1877 1200 1936 est
1245 1870 1428 1958 quod
1477 1893 1680 1958 supra
1730 1870 1812 1934 de
1865 1869 2242 1950 canoniciS,
2297 1871 2521 1958 quoad
2569 1871 2800 1936 onmia
2845 1870 2928 1934 ibi

680 1985 996 2050 deducta.
1034 1984 1234 2049 Ratio
1284 1991 1389 2050 est
1438 1993 1584 2050 tum
1633 1985 1790 2072 quia
1835 1984 2130 2050 identica
2171 1991 2274 2049 est
2324 1985 2517 2065 ratio,
2561 1993 2708 2050 tum
2741 1985 2922 2072 quia,

680 2098 807 2164 sub
846 2107 1157 2186 respectu
1196 2097 1583 2186 sepulturae,
1619 2097 1842 2164 Sacra*
1881 2099 2206 2164 Romanae
2247 2097 2830 2186 Congregationes
2865 2099 2924 2162 in

679 2213 919 2280 eodem
978 2213 1195 2299 gradu
1257 2220 1524 2298 ponunt
1586 2213 1980 2292 canonicOS,
2041 2220 2111 2278 et
2176 2212 2565 2300 capellanos
2631 2213 2923 2300 aliosque

677 2328 1129 2393 inservientes
1174 2325 1554 2414 capitulis¹,
1607 2350 1646 2390 a
1699 2325 1946 2414 quibus
1996 2349 2138 2390 non
2190 2327 2512 2392 differunt
2559 2328 2922 2412 beneficiati

676 2443 745 2506 in
777 2442 926 2507 aliis
957 2441 1282 2506 ecclesiis,
1316 2480 1406 2490 —
1433 2440 1664 2521 Unde,
1701 2439 2032 2531 quidquid
2061 2439 2296 2506 dicunt
2326 2441 2524 2507 multi
2553 2449 2858 2506 auctores
2877 2442 2914 2519 ²,

678 2558 738 2623 si
774 2556 1217 2623 beneficiatus
1248 2554 1510 2621 habitet
1544 2555 1616 2619 in
1646 2556 1964 2643 parochia
1995 2555 2264 2620 diversa
2300 2579 2339 2621 a
2375 2555 2694 2643 parochia
2731 2556 2918 2621 bene-

678 2672 811 2737 ficii
850 2672 988 2753 sui,
1032 2678 1101 2736 et
1148 2670 1217 2735 in
1264 2669 1391 2736 hac
1439 2693 1577 2735 non
1625 2670 1715 2735 sit
1761 2670 1954 2735 locus
1993 2669 2360 2736 distinctus
2407 2669 2768 2757 sepulturae
2801 2692 2915 2755 pro

676 2785 1119 2867 beneficiatis,
1155 2784 1585 2872 sepeliendus
1625 2792 1761 2867 est,
1796 2807 1934 2850 non
1971 2784 2044 2848 in
2081 2783 2398 2870 parochia
2437 2782 2762 2863 beneficii,
2802 2781 2916 2847 sed

678 2902 748 2966 in
802 2899 1121 2988 parochia
1178 2899 1501 2964 domicilii
1564 2898 1732 2987 (nisi
1789 2897 2066 2979 habeat,
2133 2905 2210 2963 ut
2266 2906 2486 2986 patet,
2549 2898 2911 2986 sepulcrum

678 3014 1070 3101 majorum).
1114 3013 1402 3079 Constat
1437 3036 1522 3078 ex
1561 3013 1762 3079 dictis
1800 3037 2005 3102 supra
2043 3013 2126 3078 de
2165 3012 2508 3077 canonicis
2529 3013 2572 3077 ³.

766 3130 834 3192 2⁰
864 3126 933 3193 Si
972 3137 1197 3193 autem
1238 3136 1480 3213 agatur
1518 3128 1601 3192 de
1639 3126 2057 3215 presbyteris
2092 3128 2244 3215 (aut
2282 3126 2604 3214 clericis),
2639 3124 2748 3213 qui
2783 3144 2907 3187 non

676 3242 974 3309 habeant
1011 3241 1451 3323 beneficium,
1484 3248 1602 3308 aut
1641 3265 1776 3307 non
1819 3242 1950 3307 nisi
1981 3241 2324 3321 manuale,
2361 3240 2432 3305 in
2460 3239 2583 3306 tali
2619 3238 2902 3315 ecclesia,

675 3358 836 3424 licet
865 3358 926 3422 ei
964 3356 1394 3445 aliquatenus
1432 3356 1842 3437 inserviant,
1877 3356 2063 3441 viget
2099 3378 2222 3443 pro
2253 3356 2350 3420 eis
2380 3355 2498 3443 jus
2537 3372 2903 3430 commune,

675 3474 769 3539 ita
820 3480 899 3538 ut
948 3472 1221 3559 sepeliri
1264 3470 1557 3537 debeant
1605 3472 1676 3535 in
1725 3470 2037 3558 sepulcro
2086 3470 2450 3557 majorum,
2501 3468 2636 3550 vel,
2683 3467 2734 3531 si
2771 3486 2906 3528 non

679 3586 1004 3669 habeant,
1030 3586 1120 3651 in
1156 3586 1424 3674 propria
1463 3584 1807 3673 parochia.
1850 3620 1942 3633 —-
1981 3584 2181 3649 Ratio
2224 3590 2327 3649 est
2365 3582 2522 3671 quia
2563 3576 2904 3671 praevalere

677 3700 881 3767 debet
895 3702 1012 3788 jus
1042 3722 1424 3779 commune,
1460 3699 1593 3764 nisi
1621 3703 1803 3763 certa
1833 3697 1925 3762 sit
1953 3696 2298 3783 excepti03
2331 3720 2530 3785 porro
2563 3697 2662 3761 hic
2689 3691 2904 3758 nullus

676 3822 909 3881 textus
936 3821 1071 3896 est,
1106 3812 1295 3880 nulla
1325 3813 1691 3879 auctoritas
1720 3835 1872 3899 quae
1904 3811 2325 3876 demonstret
2352 3834 2470 3876 eos
2505 3803 2900 3898 sepeliendos

742 3978 760 4013 ¹
807 3978 1007 4027 Videas
1063 3977 1156 4026 cit.
1203 3990 1393 4024 causas
1448 3974 1801 4031 Derthonen„
1861 3974 1930 4021 ad
1987 3978 2071 4031 16;
2136 3971 2470 4031 Thesaurus,
2527 3977 2563 4023 t.
2607 3988 2646 4029 1,
2695 3984 2742 4031 p·
2779 3970 2896 4020 399;

680 4084 737 4093 —
765 4056 817 4106 S.
850 4055 1092 4115 maiali‚·
1134 4053 1287 4111 ibid„
1322 4057 1359 4103 t.
1392 4068 1569 4113 mxxxi,
1604 4068 1657 4116 p.
1689 4057 1806 4111 308,
1839 4056 1958 4111 315,
1989 4056 2094 4101 etc.

739 4137 764 4171 ἱ
797 4135 863 4182 V.
890 4151 959 4196 g„
988 4132 1305 4194 schmalzg„
1336 4134 1391 4180 in
1422 4133 1506 4181 tit.
1538 4132 1617 4180 De
1643 4130 1975 4195 sepulturis,
2002 4146 2054 4178 n.
2088 4132 2275 4179 46-48.

742 4214 764 4247 ³
798 4213 998 4261 Videas
1035 4211 1233 4273 folium
1272 4224 1447 4259 causae
1478 4209 1786 4267 Divionen„
1823 4215 1850 4258 8
1874 4208 1996 4273 julii
2026 4213 2176 4268 1865,
2207 4212 2232 4268 g
2272 4207 2458 4267 Quoad
2488 4208 2729 4261 alterurn,-
2759 4198 2896 4247 The-

676 4305 903 4347 saurus,
938 4294 975 4338 t.
1010 4306 1185 4347 cxxiv,
1213 4306 1265 4352 p.
1300 4294 1407 4337 275.
