3192 5025
635 462 744 517 240
797 544 808 553 θ
1215 466 1304 515 DE
1341 464 1775 518 COEMETERHS
1815 466 1895 516 ET
1934 466 2339 517 SEPULTURlS

631 609 1184 697 antiquissimam
1231 609 1546 676 Ecclesiae
1583 610 2183 692 consuetudinem,
2217 633 2367 698 quae
2397 611 2494 676 sic
2542 611 2753 675 relata
2788 618 2895 675 est

638 724 708 789 in
749 724 864 789 cit.
911 746 1116 811 supra
1153 725 1252 814 (n.
1285 724 1479 813 138)
1516 723 1804 789 concilio
1843 723 2291 805 Nannetensi,
2328 746 2481 789 saec.
2515 746 2634 805 vn,
2664 748 2809 790 can.
2852 726 2897 789 f»

632 837 756 926 (Ξ
805 860 956 905 can.
1009 839 1586 925 Praecipiendum,
1648 837 1756 921 15,
1824 860 2009 903 caUS.
2063 836 2259 919 XIII,
2313 861 2380 926 q.
2424 838 2543 927 11),
2594 839 2668 903 in
2706 840 2899 926 cujus

639 952 772 1017 fine
819 952 916 1017 sic
956 953 1246 1039 legimus
1283 972 1298 1018 ε
1359 979 1390 1013 «
1435 952 1621 1016 Intra
1659 951 2015 1017 ecclesiam
2052 974 2249 1034 vero,
2294 958 2363 1017 et
2390 975 2609 1039 prope
2647 954 2898 1038 altare,

642 1066 759 1130 ubi
806 1088 1051 1153 corpus
1101 1076 1168 1131 et
1214 1067 1495 1152 sanquis
1540 1067 1819 1131 Domini
1856 1067 2236 1151 conficitur,
2284 1067 2675 1131 nullatenus
2716 1089 2907 1152 sepe-

643 1180 924 1247 liantur.
979 1208 1010 1241 >›
1055 1180 1250 1245 Prior
1296 1203 1452 1269 pars
1494 1179 1697 1267 hujus
1741 1179 2221 1268 prohibitionis
2258 1180 2483 1268 (intra
2520 1182 2907 1270 ecclesiam)

637 1292 707 1358 in
756 1293 1274 1360 desuetudinem
1337 1294 1535 1375 abiit,
1610 1302 1687 1359 ut
1744 1294 2001 1359 dictum
2059 1302 2196 1376 est3
2258 1294 2473 1359 altera
2522 1318 2686 1359 vero
2748 1318 2915 1383 pars

632 1406 667 1495 (
670 1429 888 1493 prope
933 1409 1184 1492 altare,
1237 1408 1404 1497 etc.)
1457 1410 1653 1473 firma
1713 1408 2123 1495 permansit,
2166 1407 2252 1473 ob
2292 1407 2661 1497 specialem
2710 1431 2914 1473 reve—

640 1522 932 1587 rentiam
981 1522 1216 1587 altaris
1265 1530 1332 1588 et
1383 1522 1558 1587 sacri
1606 1522 1942 1594 sacrificii.
1987 1522 2184 1588 Unde
2233 1522 2424 1587 nefas
2471 1528 2578 1599 est
2616 1520 2913 1609 sepelire

639 1642 946 1700 mortuos
982 1638 1112 1700 suh
1151 1636 1366 1701 altare
1403 1643 1522 1701 aut
1551 1658 1771 1722 prope
1808 1636 2048 1703 altare.

728 1750 798 1816 h.
844 1750 1037 1814 Hanc
1077 1758 1305 1815 autem
1343 1749 1913 1815 consuetudinem
1952 1749 2189 1815 retulit
2218 1755 2287 1813 et
2324 1750 2745 1837 praescripsit
2782 1749 2913 1815 Ri-

641 1864 824 1928 tuale
861 1886 1260 1944 romanum,
1301 1865 1422 1931 loc.
1459 1865 1572 1929 cit.
1602 1886 1629 1930 .·
1673 1890 1705 1923 «
1740 1862 2092 1929 Cadavera
2130 1870 2363 1928 autem
2394 1885 2613 1949 prope
2654 1864 2913 1930 altaria

641 1998 779 2040 non
820 1977 1262 2065 sepeliantur.
1306 2004 1337 2039 υ
1382 1977 1560 2042 Hinc
1601 1979 1671 2042 in
1710 1977 1949 2041 eodem
2000 1999 2207 2042 sensu
2244 1999 2517 2064 semper
2552 1976 2915 2066 respondit

643 2088 713 2155 S.
761 2090 900 2155 Rit.
946 2089 1231 2177 Congr.,
1267 2115 1333 2157 v.
1379 2115 1477 2177 g.,
1522 2091 1592 2157 in
1646 2090 1915 2174 Veneta,
1960 2092 1999 2157 7
2030 2090 2188 2179 julii
2229 2087 2426 2171 1766,
2471 2090 2541 2155 in
2581 2114 2713 2179 qua
2752 2114 2915 2179 pro·-

643 2201 864 2267 hibuit
903 2204 1290 2290 sepulturas
1331 2203 1458 2269 sub
1499 2203 1698 2269 altari
1738 2202 2020 2291 ejusque
2062 2202 2424 2269 scabello¹.

731 2339 788 2383 c.
857 2315 1216 2394 Quomodo
1275 2324 1505 2382 autem
1562 2316 2089 2405 intelligendum
2156 2317 2247 2381 sit
2307 2317 2435 2382 hoc
2494 2316 2913 2383 vocabulum

631 2453 882 2518 prope,
954 2429 1023 2496 S.
1098 2429 1384 2495 Carolus
1452 2432 1860 2497 Bor-romeus
1926 2431 2301 2496 declaravit
2364 2454 2487 2520 pro
2552 2431 2909 2520 provincia

641 2545 1168 2627 Mediolanensi,
1221 2546 1291 2610 in
1338 2569 1529 2612 conc.
1584 2546 1891 2634 provinc.
1945 2545 2039 2610 IV
2087 2545 2239 2635 (an.
2298 2546 2543 2634 1576),
2600 2553 2777 2634 part.
2834 2545 2906 2628 1,

641 2660 748 2724 tit.
793 2660 890 2724 De
934 2660 1263 2746 sepulcris
1292 2683 1318 2726 .·
1359 2687 1390 2721 «
1429 2661 1570 2725 Nec
1608 2683 1770 2725 vero
1820 2660 1891 2724 in
1929 2659 2081 2724 aliis
2129 2657 2434 2723 ecclesiae
2474 2659 2644 2724 locis
2690 2683 2910 2748 prope

640 2773 878 2838 altaria
915 2773 1288 2863 (sepultura
1321 2774 1573 2856 datur),
1612 2775 1741 2839 nisi
1773 2783 1910 2838 tam
1946 2775 2141 2859 lonqe
2169 2773 2482 2858 sepulcra
2514 2774 2790 2858 distent,
2827 2783 2909 2839 ut

639 2889 1012 2973 sepulcrale
1050 2911 1122 2953 os
1167 2911 1207 2953 a
1251 2889 1542 2953 scabello
1588 2911 1703 2953 seu
1752 2888 2064 2953 ‚bradelle
2109 2888 2353 2952 altaris
2391 2888 2643 2973 procul
2688 2889 2903 2972 absit,

640 3001 856 3086 spatio
883 3001 1124 3066 saltem
1161 3005 1552 3068 cubitorum
1584 3004 1859 3067 trium&
1900 3029 1931 3062 »
1960 3001 2182 3080 Quam
2212 3000 2522 3088 regulam
2550 3001 2909 3090 adoptavit

643 3112 712 3180 S.
748 3114 886 3179 Rit.
923 3115 1203 3202 Congr.,
1248 3116 1316 3180 in
1359 3117 1858 3199 Beneventanis,
1894 3117 1979 3181 27
2010 3138 2153 3203 apr.
2195 3114 2391 3196 1877,
2437 3115 2790 3203 requirens
2826 3123 2907 3180 ut

643 3228 970 3294 cadavera
1009 3228 1227 3322 tribus
1264 3229 1534 3312 cubitis,
1565 3253 1704 3294 non
1743 3235 2012 3294 tantum
2052 3228 2136 3294 ab
2176 3228 2399 3309 altari,
2434 3229 2557 3294 sed
2594 3229 2685 3294 ab
2722 3231 2908 3314 ejus—

643 3343 795 3406 dem
833 3343 1056 3427 qradu
1097 3344 1200 3408 vel
1235 3344 1570 3429 fyr-adibus
1607 3343 1944 3426 distent⁸,·
1980 3341 2164 3430 quod
2203 3341 2481 3409 tandem
2520 3342 2901 3429 mitigavit,

642 3457 714 3520 in
771 3457 1108 3540 Romana,
1176 3457 1256 3520 12
1306 3456 1452 3543 jan.
1509 3457 1707 3539 1897,
1774 3456 1861 3521 ad
1918 3457 2015 3522 2:
2073 3483 2105 3516 «
2151 3455 2500 3521 Cadavera
2561 3454 2646 3520 ab
2704 3454 2905 3521 altari

643 3569 862 3634 tribus
900 3569 1147 3635 cubitis
1177 3569 1428 3635 distare
1451 3551 1735 3652 ‘debere;
1780 3577 1849 3635 et
1878 3577 2016 3635 tres
2046 3568 2311 3634 cubitos
2340 3591 2491 3634 esse
2520 3569 2659 3635 fere
2686 3591 2905 3636 unum

647 3691 940 3749 metrum
988 3683 1468 3770 longitudiniS,
1523 3691 1725 3773 atque
1772 3684 1947 3750 hanc
1996 3683 2389 3749 distantiam
2438 3683 2905 3771 sepulcrorum

644 3794 768 3860 ab’
815 3796 1016 3861 altari
1097 3797 1404 3863 sufficere
1434 3800 1499 3879 ⁴;
1567 3825 1600 3860 »
1690 3797 1874 3886 quod
1956 3798 2201 3887 repetit
2288 3797 2360 3861 in
2452 3797 2905 3863 declaratione

713 4037 730 4072 ¹
767 4039 992 4087 Decreta
1013 4038 1356 4098 authentica,
1388 4054 1440 4088 n.
1474 4045 1623 4098 2579,
1658 4041 1696 4088 t.
1730 4056 1793 4099 11,
1816 4055 1870 4102 p.
1906 4045 2013 4089 128.

711 4118 734 4152 ²
767 4117 904 4165 Acta
927 4117 1054 4166 eccl.
1081 4117 1317 4176 Mediol„
1353 4117 1626 4180 Lugduni,
1658 4123 1809 4177 1682,
1842 4121 1881 4166 t.
1914 4134 1958 4177 1,
1985 4133 2039 4180 p.
2072 4123 2181 4167 100.

712 4195 734 4230 ³
769 4195 1091 4256 Gardellini‚
1123 4197 1281 4259 App„
1311 4211 1362 4244 n.
1396 4200 1536 4245 5689.

710 4273 736 4308 ⁴
771 4273 994 4323 Decreta
1023 4273 1194 4332 auth„
1220 4289 1270 4321 n.
1299 4277 1447 4332 3954,
1481 4278 1520 4324 t.
1553 4289 1637 4332 ιιι,
1668 4289 1721 4337 p.
1754 4278 2011 4334 325-326;
2040 4275 2106 4322 ad
2132 4274 2271 4322 hanc
2300 4272 2687 4322 resolutionem
2717 4274 2908 4322 remit-
