3192 5025
957 531 1045 582 DE
1083 529 1439 583 ORATORHS
1476 529 1870 581 DOMESTICIS
2438 524 2539 578 147

283 675 581 763 amplius
620 674 919 763 episcopi
956 673 1300 740 licentiam
1340 673 1501 739 dare
1539 672 1925 738 celebrandi
1964 673 2241 738 missam
2281 673 2351 738 in
2391 695 2540 738 ora-

283 790 479 854 toriis
517 789 912 855 domesticis
950 811 1072 854 seu
1110 790 1177 853 in
1216 789 1500 878 privatis
1539 786 1892 866 domibus3
1935 809 2126 870 nam,
2169 795 2248 854 ut
2285 788 2540 874 optime

284 909 806 990 argumentatur
864 903 1269 968 Benedictus
1323 902 1545 984 XIV·,
1611 929 1644 962 «
1698 901 1973 966 licentia
2029 925 2179 990 quae
2235 902 2319 967 ab
2376 901 2542 991 ipsis

284 1017 567 1084 daretur
604 1016 993 1083 celebrandi
1030 1017 1310 1082 missam
1348 1016 1420 1081 in
1459 1016 1770 1081 oratoriis
1798 1017 2109 1103 privatiS,
2145 1017 2543 1105 neutiquam

286 1139 472 1197 stare
518 1138 753 1220 posset
800 1155 953 1196 cum
1000 1135 1337 1220 praecepto
1385 1153 1425 1195 a
1471 1129 1757 1195 concilio
1806 1129 2063 1195 eisdem
2110 1131 2276 1218 ipsis
2323 1131 2544 1220 impo-

285 1245 457 1329 sito,
499 1269 586 1312 ne
625 1246 695 1311 id
729 1247 1121 1334 permittere
1157 1243 1471 1310 debeant.
1516 1271 1547 1306 η

380 1361 523 1426 Nec
571 1361 835 1426 dicatur
879 1383 1035 1425 curn
1073 1357 1525 1447 quibusdam¹
1557 1359 1914 1446 episcopos
1961 1383 2098 1424 non
2144 1383 2346 1447 posse
2395 1361 2548 1448 qui-

288 1475 451 1541 dem
478 1475 870 1563 permittere
908 1474 1187 1539 missam
1226 1473 1296 1538 in
1326 1472 1612 1561 privatis
1641 1473 1956 1539 domibus
1993 1483 2188 1539 etz-tra
2218 1475 2543 1558 oratoria,

286 1589 469 1654 bene
517 1611 679 1654 vero
730 1610 930 1676 posse
982 1587 1372 1676 permittere
1424 1587 1705 1652 missam
1762 1587 1832 1652 in
1892 1588 2176 1676 privatis
2233 1587 2549 1654 domibus

292 1705 482 1768 intra
538 1704 871 1786 oratoria,
928 1702 998 1766 in
1047 1701 1155 1766 his
1206 1691 1451 1790 nempe
1505 1701 1820 1767 domibus
1875 1702 2200 1790 paranda.
2258 1740 2347 1753 —
2397 1702 2551 1768 Non

293 1817 483 1882 enim
518 1816 627 1882 hic
667 1823 774 1881 est
810 1838 1054 1880 sensus
1091 1815 1345 1881 decreti
1382 1814 1784 1896 Tridentini,
1828 1816 2021 1903 cujus
2059 1815 2263 1881 verba
2302 1816 2552 1883 intelli-

294 1930 521 2018 genda
582 1939 745 1996 sunt
801 1931 883 1995 de
944 1928 1199 2017 duplici
1254 1928 1740 2017 prohibitione;
1804 1930 1936 1994 duo
1997 1930 2178 1995 enim
2237 1931 2554 2018 prohibet

294 2045 664 2110 concilium
704 2063 720 2110 ε
773 2048 835 2109 1.
884 2044 985 2108 Ne
1031 2044 1433 2132 permittant
1478 2043 1778 2131 episcopi
1826 2044 2107 2110 missam
2156 2047 2224 2110 in
2265 2045 2556 2133 privatis

295 2159 653 2242 domihu3,·
708 2159 772 2224 2.
832 2158 936 2223 Ne
998 2181 1147 2223 eam
1209 2158 1608 2246 permittant
1669 2159 1872 2224 etiam
1933 2159 2003 2224 in
2065 2159 2377 2225 domibus
2437 2167 2556 2226 aut

294 2271 559 2338 aedibus
596 2272 887 2361 publicis
929 2271 1031 2362 (v.
1066 2294 1167 2358 gn,
1210 2271 1710 2360 monasteriis),
1755 2274 1876 2338 sed
1913 2281 2108 2337 extra
2147 2275 2445 2339 oratoria
2487 2275 2556 2339 in

288 2395 707 2474 perpetuum
754 2387 975 2451 dicata
1023 2386 1240 2451 cultui
1277 2387 1525 2450 ᾱίυἰηο.
1573 2385 1741 2465 Quae
1779 2386 2251 2475 interpretatio
2290 2395 2559 2453 constat

297 2509 451 2567 tum
514 2503 655 2588 ipso
719 2511 946 2566 tenore
1008 2501 1372 2566 verborum
1433 2507 1503 2565 et
1560 2500 1913 2588 particulis
1975 2499 2295 2566 adhibitis
2355 2509 2560 2588 atque

298 2618 579 2681 omnino
588 2666 610 2700 ,
662 2638 813 2704 quae
870 2614 1256 2702 significant
1315 2614 1656 2703 duplicem
1711 2614 2104 2681 distinctam
2166 2614 2562 2703 prohibitio-

296 2750 495 2811 nem3
568 2737 713 2795 tum
786 2736 1101 2795 contextu
1136 2751 1161 2794 .·
1213 2728 1274 2793 si
1347 2728 1562 2811 enim,
1636 2735 1714 2793 ut
1787 2736 1967 2795 recte
2049 2736 2564 2816 argumentatur

300 2845 671 2931 Fagnanus
688 2844 735 2925 ³,
788 2842 1088 2931 episcopi
1132 2848 1416 2931 possent
1460 2844 1852 2931 permittere
1899 2842 2179 2909 missam
2228 2844 2298 2907 in
2347 2844 2563 2909 domi-

299 2958 432 3023 bus
463 2958 748 3046 privatis
787 2958 969 3021 intra
1009 2958 1307 3022 oratoria
1349 2958 1444 3021 ihi
1462 2966 1736 3043 parata,
1772 2979 2050 3045 prorsus
2090 2957 2353 3024 inutilis
2385 2965 2564 3023 esset

301 3072 491 3159 prior
548 3094 707 3157 pars
765 3070 1051 3153 decreti,
1112 3093 1358 3159 nempe
1416 3098 1447 3131 «
1494 3071 1685 3136 Neve
1746 3072 2096 3159 patiantur
2143 3073 2436 3158 privatis
2495 3072 2563 3137 in

300 3185 622 3250 domibus
662 3184 977 3273 (missam
1024 3183 1383 3273 celebrari)
1433 3205 1501 3263 »;
1546 3185 1715 3251 satis
1761 3185 1944 3251 enim
1993 3185 2236 3252 fuisset
2283 3185 2506 3250 dicere
2541 3205 2557 3253 :

302 3298 407 3365 Ne
446 3297 809 3387 patiantur⁸
832 3298 1111 3363 missam
1150 3298 1478 3364 celebrari
1514 3308 1709 3363 extra
1749 3300 2050 3364 oratoria
2078 3306 2210 3365 etc.
2247 3299 2558 3387 Insuper,

302 3412 597 3479 oratoria
648 3412 1068 3501 privatarum
1118 3411 1477 3477 domorum
1526 3435 1664 3477 non
1721 3419 2010 3501 possunt
2064 3412 2405 3501 designari
2457 3412 2562 3477 his

302 3523 535 3593 verbis
578 3546 593 3593 :
654 3552 687 3587 «
729 3526 820 3590 ad
870 3526 1177 3591 divinum
1231 3533 1499 3591 tantum
1551 3527 1817 3592 cultum
1869 3528 2172 3593 dedicata
2233 3528 2556 3611 oratoria,

302 3642 393 3707 ab
440 3640 687 3705 eisdem
754 3640 1139 3705 ordinariis
1203 3640 1650 3731 desiqnanda,
1723 3648 1880 3721 etc.;
1930 3668 1961 3702 υ
2023 3641 2315 3707 oratoria
2379 3641 2562 3707 enim

302 3753 678 3819 domestica
716 3752 1161 3840 designantur
1197 3775 1237 3817 a
1273 3753 1548 3818 domino
1588 3754 1855 3837 domuS,
1894 3776 2018 3819 nec
2057 3761 2218 3820 sunt
2254 3753 2562 3820 dedicata

370 3949 387 3983 ¹
424 3947 653 4011 Encycl.
686 3948 907 4013 Magno,
939 3953 967 3995 2
989 3948 1128 4012 junii
1158 3952 1308 4007 1751,
1339 3952 1364 4007 5
1395 3952 1480 4007 113
1512 3948 1657 3997 Ball.
1690 3948 1910 4009 Bened„
1943 3952 1983 3998 t.
2016 3965 2098 4011 ιιι,
2130 3964 2182 3998 n.
2215 3952 2293 3998 ⁴8.

368 4028 391 4062 ²
427 4025 495 4074 V.
540 4042 611 4090 8.,
654 4026 915 4090 ZypoeuS,
964 4026 1121 4075 luris
1165 4025 1370 4090 pontif.
1427 4026 1552 4076 novi
1603 4041 1806 4085 enarr„
1857 4028 1911 4075 in
1952 4028 2036 4077 tit.
2078 4028 2156 4077 De
2195 4028 2562 4079 celebr-alione

306 4105 479 4163 miss„
508 4120 562 4154 n.
593 4109 650 4165 8,
683 4106 887 4169 Opera,
926 4106 1271 4168 Antuerpiae,
1317 4110 1462 4164 1675,
1504 4108 1543 4153 t.
1587 4120 1631 4164 ι,
1670 4121 1725 4168 p.
1757 4110 1864 4154 163.
1906 4132 1967 4144 -
2007 4106 2202 4157 Suarez
2232 4107 2498 4169 allegatur
2531 4120 2564 4157 n

306 4184 635 4247 quibusdam
659 4198 761 4248 pro
786 4184 1039 4247 opinione
1064 4184 1274 4247 Zypoei3
1303 4184 1399 4233 sed
1437 4184 1636 4233 militat
1660 4184 1844 4246 potius
1868 4200 1967 4248 pro
1991 4186 2246 4248 opinione
2271 4188 2562 4248 communi,

306 4264 473 4319 infra,
504 4278 559 4312 n.
590 4262 696 4323 81,
730 4268 800 4311 ³⁰.

371 4341 395 4376 ⁸
430 4340 490 4388 ln
520 4356 569 4389 c.
604 4341 669 4390 In
701 4340 787 4389 his
818 4346 932 4405 (30,
964 4340 1049 4389 Du
1081 4340 1456 4404 rmvnuzons),
1489 4356 1539 4389 n.
1574 4344 1754 4388 16-17.
