3192 5025
1145 1245 1573 1327 CAPUT
1651 1245 1743 1325 II

691 1666 792 1719 DE
865 1663 1526 1718 AEDIFICATIONE
1599 1661 2207 1717 ECCLESIARUM

415 2171 494 2238 3.
533 2207 622 2217 -
659 2167 1041 2236 notiones
1076 2169 1424 2255 praeviae.

416 2285 482 2346 1⁰
517 2281 864 2367 Definitio,
897 2319 986 2330 -
1014 2280 1338 2364 Ecclesia,
1382 2279 1607 2369 qualis
1647 2279 1754 2344 hic
1793 2278 2223 2368 intelligitur,
2268 2287 2374 2346 est
2410 2280 2577 2344 aedes

311 2396 632 2482 publica,
685 2395 903 2460 cultui
955 2395 1181 2459 divino
1234 2394 1570 2478 dedicata,
1625 2415 1775 2479 quae
1830 2415 1904 2458 eo
1951 2394 2389 2479 potissimum
2442 2395 2577 2478 fine

318 2511 652 2595 aedificata
701 2518 832 2593 est,
897 2517 971 2574 ut
1014 2508 1293 2594 publico
1331 2507 1577 2595 populi
1622 2506 1843 2593 fidelis
1892 2508 2045 2573 usui
2098 2508 2438 2573 inserviat.
2490 2546 2579 2555 ——

321 2624 459 2687 Per·
512 2623 778 2688 cultum
834 2623 1143 2687 divinum
1153 2673 1175 2707 ,
1230 2622 1340 2688 cui
1391 2620 1743 2687 dedicatur
1798 2621 2117 2703 ecclesia,
2175 2620 2580 2709 intelligitur

321 2737 762 2825 potissimum
800 2742 1306 2801 sacrosanctum
1344 2735 1570 2799 missae
1608 2734 2011 2801 sacrificium
2029 2787 2045 2816 ‚
2081 2758 2231 2823 quae
2270 2742 2376 2799 est
2402 2734 2583 2823 prin·

323 2850 562 2938 cipalis
599 2872 759 2937 pars
797 2848 1021 2915 cultus
1059 2848 1306 2929 divini,
1351 2848 1473 2913 sed
1508 2848 1716 2912 etiam
1762 2857 2005 2914 caetera
2043 2848 2293 2931 officia,
2336 2846 2582 2937 praedi-

325 2962 500 3028 catio
539 2962 733 3027 verbi
771 2962 1018 3045 divini,
1053 2970 1122 3027 et
1160 2968 1739 3027 sacramentorum
1776 2962 2297 3028 administratio.
2332 3000 2421 3013 —
2451 2961 2582 3025 Per

324 3076 570 3142 ultima
608 3074 816 3141 verba
855 3075 1268 3141 definitionis
1299 3094 1313 3141 ε
1349 3098 1499 3161 quae
1537 3097 1613 3139 eo
1641 3076 2102 3160 potissimum,
2138 3082 2299 3157 etc.‚
2343 3075 2584 3140 distin-

329 3188 560 3273 guitur
597 3188 883 3253 ecclesia
931 3185 1016 3252 ab
1053 3188 1354 3252 oratorio
1391 3188 1673 3273 publico
1686 3239 1707 3271 ,
1753 3212 1904 3269 seu,
1946 3195 2024 3255 ut
2064 3189 2268 3255 etiam
2309 3188 2578 3268 dicitur,

328 3301 584 3386 capella
604 3301 927 3387 puhlica;
956 3300 1329 3365 oratorium
1357 3301 1540 3364 enim
1570 3300 1921 3388 publicum
1951 3310 2056 3367 est
2085 3303 2253 3367 aedes
2274 3302 2579 3388 publica,

330 3415 550 3481 cultui
586 3416 815 3479 divino
853 3415 1098 3497 dicata,
1131 3415 1249 3479 sed
1286 3436 1460 3500 quae,
1505 3416 1629 3479 etsi
1656 3424 1849 3499 patet
1888 3417 2204 3481 omnibus
2239 3417 2581 3502 fidelihus,

333 3534 636 3593 attamen
674 3549 754 3593 eo
793 3527 1226 3616 potissimum
1265 3527 1399 3592 fine
1437 3526 1765 3592 aedificata
1804 3536 1941 3611 est,
1990 3538 2064 3593 ut
2091 3531 2428 3615 peculiari
2462 3529 2587 3595 ali-

334 3645 534 3729 cujus
549 3642 842 3727 privati,
875 3650 996 3706 aut
1031 3642 1349 3727 familiae,
1380 3651 1500 3706 aut
1525 3644 2031 3709 communitatis
2060 3646 2211 3710 usui
2242 3645 2583 3713 inserviat.

421 3756 497 3820 20
549 3755 980 3841 Leqitimitas
1048 3756 1264 3841 hujus
1327 3756 1763 3840 definitioni-3.
1822 3796 1909 3807 —
1967 3758 2068 3822 De
2134 3758 2341 3847 priori
2398 3766 2587 3847 parte

314 3870 524 3935 ,nulla
585 3868 988 3948 difficultas;
1060 3867 1144 3932 de
1205 3868 1566 3957 posteriori
1629 3876 1855 3958 parte,
1928 3870 1997 3935 in
2065 3894 2199 3959 qua
2265 3873 2591 3938 asseritur

337 3982 684 4047 distinctio
734 3982 912 4046 inter
957 3982 1300 4045 ecclesiam
1347 3989 1417 4046 et
1465 3984 1846 4047 oratorium
1882 3984 2277 4069 publicum,
2321 3994 2591 4051 constat

337 4094 734 4180 legitimitas
771 4093 978 4181 hujus
1015 4093 1475 4159 distinctionis
1511 4113 1526 4161 :

425 4232 485 4274 a.
531 4208 634 4273 Ex
673 4208 1019 4272 communi
1060 4230 1208 4291 11311,
1252 4230 1453 4295 quem
1491 4230 1701 4295 penes
1740 4208 2092 4275 arbitrium
2130 4219 2235 4276 est
2274 4220 2341 4277 et
2370 4212 2487 4300 jus
2525 4221 2593 4278 et

343 4344 570 4387 norma
627 4319 986 4409 loquendi;
1049 4319 1321 4408 quando
1379 4321 1562 4385 enim
1615 4321 1842 4411 aliqua
1904 4347 2096 4389 sacra
2161 4324 2372 4407 aedes,
2433 4326 2593 4393 licet
