3192 5025
1007 1107 1731 1175 DOCUMENTUM
1782 1108 1897 1173 111

525 1325 590 1387 S.
629 1324 890 1386 Rituum
925 1326 1457 1409 Conqreqationis
1489 1325 1809 1409 depr-etum
1851 1345 2044 1409 snper
2082 1325 2379 1387 oratoriis

885 1419 1356 1504 semipuhlicis,
1395 1422 1519 1483 23
1492 1422 1766 1505 januarii
1804 1423 2015 1483 18991.

402 1730 457 1789 A
485 1728 670 1789 Sacra
703 1728 832 1789 Rit.
867 1728 1368 1809 Congregatione
1398 1750 1562 1810 saepe
1591 1730 1977 1810 postulatum
2009 1736 2104 1789 est
2127 1750 2415 1810 quaenam
2447 1751 2583 1791 ora-

321 1824 484 1885 toria
501 1845 616 1886 ceu
637 1823 1043 1906 semipublica
1069 1824 1354 1885 habenda
1381 1825 1526 1885 sint.
1549 1826 1813 1886 Constat
1840 1846 2029 1906 porro
2046 1826 2317 1887 oratoria
2336 1825 2583 1907 publica

321 1941 394 1980 ca
424 1942 558 1982 esse
587 1941 728 2003 quae
748 1921 1124 1981 auctoritate
1151 1920 1464 1981 Ordinarii
1495 1920 1574 1981 ad
1599 1921 1925 2003 publicum
1956 1922 2073 1981 Dei
2097 1921 2337 1983 cultum
2367 1944 2585 2005 perpe-

323 2024 435 2078 tuo
464 2016 780 2091 dedicata,
813 2015 1139 2077 benedicta
1169 2017 1271 2076 vel
1300 2016 1488 2077 etiam
1517 2016 1883 2078 solemniter
1908 2026 2301 2095 consecrata,
2324 2018 2583 2100 januam

323 2112 557 2173 habent
607 2112 670 2170 in
717 2111 848 2187 via,
905 2111 1006 2172 vel
1055 2112 1320 2172 liberum
1361 2134 1396 2173 a
1455 2111 1705 2193 publica
1749 2114 1849 2173 via
1902 2114 2193 2175 fidelibus
2242 2115 2581 2176 universim

323 2208 610 2290 pandunt
647 2208 1018 2288 ingressum.
1055 2207 1307 2269 Privata
1337 2216 1592 2270 econtra
1634 2208 1855 2271 stricto
1886 2230 2071 2271 sensu
2113 2210 2413 2271 dicuntur
2441 2232 2581 2273 ora-

323 2304 518 2379 toria,
551 2324 694 2386 quae
734 2304 800 2363 in
843 2305 1108 2385 privatis
1145 2304 1387 2365 aedibus
1432 2304 1498 2365 in
1537 2306 1943 2367 commodum
1986 2306 2254 2388 alicujus
2300 2327 2583 2389 personae

323 2401 426 2460 vel
466 2400 720 2461 samiliae
765 2421 842 2461 ex
886 2399 1133 2460 indulto
1177 2400 1425 2462 Sanctae
1457 2402 1634 2463 Sedis
1672 2408 1879 2463 crecta
1916 2408 2083 2463 sunt.
2118 2402 2268 2469 Quae
2308 2402 2583 2464 medium

321 2498 488 2558 inter
517 2496 652 2558 haec
691 2496 818 2558 duo
857 2495 1065 2559 locum
1108 2504 1354 2573 tenent,
1389 2505 1458 2558 ut
1499 2518 1727 2558 nomen
1757 2498 1959 2579 ipsum
2004 2497 2269 2573 indicat,
2311 2498 2583 2560 oratoria

323 2593 733 2675 semipublica
765 2599 912 2653 sunt
939 2601 1006 2654 et
1033 2600 1361 2654 vocantur.

409 2689 500 2750 Ut
535 2678 742 2750 autem
776 2688 1075 2771 quaslibet
1113 2689 1486 2769 ambiguitas
1521 2689 1685 2749 circa
1730 2689 1865 2750 haec
1892 2689 2165 2750 oratoria
2194 2697 2581 2766 amoveatur,

324 2784 756 2846 sanctissimus
800 2785 879 2846 D.
921 2786 998 2847 N.
1041 2785 1166 2845 Leo
1206 2784 1373 2866 Papa
1403 2785 1589 2858 XIII,
1632 2806 1710 2845 ex
1747 2785 2077 2846 Sacrorum
2118 2785 2380 2845 Rituum
2420 2785 2587 2847 Con-

325 2881 708 2961 gregationis
734 2881 1058 2956 consulte,
1091 2881 1314 2941 statuit
1343 2888 1409 2940 et
1439 2879 1823 2942 declaravit:
1859 2881 2145 2942 Oratoria
2178 2881 2584 2964 semipublica

325 2997 398 3037 ea
427 2997 594 3050 esse,
640 2998 804 3058 quae,
837 2977 954 3037 etsi
1000 2977 1063 3036 in
1107 2977 1246 3038 loco
1277 2976 1747 3057 quodammodo
1786 2977 2065 3058 private,
2098 2977 2201 3038 vel
2246 2999 2373 3040 non
2402 2979 2585 3041 abso—

325 3071 458 3134 lute
483 3071 771 3154 public0‚
803 3073 1180 3134 auctoritate
1212 3071 1525 3132 Ordinarii
1556 3079 1763 3133 erecta
1804 3079 1981 3148 sunt,
2016 3074 2347 3134 commodo
2380 3082 2583 3136 tamen

330 3188 458 3228 non
487 3168 766 3229 fidelium
799 3168 1076 3228 omnium
1097 3216 1112 3243 ‚
1146 3188 1261 3228 nec
1290 3167 1552 3248 privatae
1580 3175 1827 3228 tantum
1859 3189 2139 3249 personae
2172 3177 2278 3230 aut
2309 3170 2582 3246 familiae,

329 3263 440 3324 sed
469 3264 736 3346 alicujus
775 3263 1245 3324 communitatis
1285 3263 1385 3323 vel
1415 3285 1823 3345 personarum
1862 3271 2063 3325 coetus
2102 3266 2476 3326 inserviunt.
2514 3267 2585 3326 In

327 3359 458 3434 his,
501 3359 664 3420 sicut
701 3360 1078 3420 auctoritate
1112 3359 1426 3420 Ordinarii
1465 3367 1931 3421 sacrosanctum
1970 3361 2175 3421 missae
2214 3361 2584 3422 sacrificium

329 3455 538 3514 offerri
569 3461 802 3536 potest,
825 3455 911 3515 ita
941 3475 1180 3530 omnes,
1209 3453 1315 3536 qui
1341 3454 1541 3515 eidem
1568 3455 1911 3529 intersunt,
1944 3443 2262 3538 praicepto
2289 3455 2585 3517 audiendi
2668 3515 2675 3522 ,

329 3569 576 3611 sacrum
608 3550 966 3612 satisfacere
1003 3550 1236 3612 valent.
1273 3550 1478 3633 Hujus
1508 3551 1752 3631 generis
1782 3553 2053 3613 oratoria
2092 3558 2238 3612 sunt
2274 3573 2415 3635 quae
2445 3573 2587 3635 per-

329 3646 536 3706 tinent
573 3646 652 3708 ad
695 3646 1024 3707 seminaria
1058 3655 1123 3708 et
1165 3646 1428 3726 collegia
1465 3647 1917 3723 ecclesiastica;
1950 3648 2031 3709 ad
2068 3649 2167 3729 pia
2206 3649 2493 3710 instituta
2522 3659 2587 3710 et

329 3741 663 3818 societates
691 3748 984 3803 votorum
1005 3741 1405 3822 simplicium,
1430 3743 1707 3825 aliasque
1733 3745 2215 3805 communitates
2239 3745 2355 3805 sub
2374 3745 2587 3826 regula

331 3837 464 3898 sive
490 3839 744 3899 statutis
773 3837 994 3900 saltem
1025 3839 1102 3899 ab
1133 3838 1466 3899 Ordinario
1494 3839 1887 3920 approbatis3
1920 3839 1997 3900 ad
2030 3839 2254 3901 domus
2293 3841 2587 3922 spiritua-

331 3933 496 3994 libus
527 3935 841 3995 exercitiis
869 3934 1184 4009 addictas;
1225 3935 1305 3994 ad
1347 3935 1677 3996 convictus
1716 3942 1780 3996 et
1816 3936 2089 4018 hospitia
2120 3935 2445 4017 juventuti
2484 3938 2589 3998 lit-

333 4030 514 4105 teris»,
549 4031 828 4091 scientiis
852 4038 959 4092 aut
999 4030 1237 4091 artibus
1267 4031 1667 4091 instituendas
1710 4032 2052 4106 destinata3
2084 4032 2161 4092 ad
2200 4033 2584 4108 nosocomia,

331 4125 902 4208 orphanotrophia,
957 4147 1204 4186 necnon
1259 4125 1336 4186 ad
1394 4148 1568 4187 arces
1626 4136 1689 4188 et
1746 4147 2058 4202 carceres-3
2117 4134 2307 4210 atque
2364 4129 2587 4191 similia

396 4293 416 4329 ¹
451 4293 682 4344 Decreta
709 4293 884 4362 auth„
907 4309 960 4342 n.
995 4297 1135 4354 ⁴007,
1168 4297 1208 4344 t.
1235 4309 1318 4354 m,
1350 4309 1402 4358 p.
1435 4299 1546 4344 355.
