3192 5025
669 455 772 509 328
1249 458 1336 508 DE
1373 456 1807 509 COEMETERHS
1846 458 1929 507 ET
1964 456 2366 509 SEPULTURIS

667 601 936 691 propria
964 600 1264 666 defuncti
1301 600 1659 665 voluntate
1696 601 1984 666 electam
2023 600 2293 666 fuisse¹.
2344 627 2375 659 »
2419 637 2511 650 —
2558 599 2761 664 Unde
2798 600 2929 663 soli

667 717 840 781 ritus
893 714 1252 782 omittendi
1304 714 1352 779 ii
1403 722 1566 781 sunt
1630 714 1745 802 qui
1801 714 1947 780 fieri
2002 714 2252 780 debent
2290 714 2378 779 ad
2424 712 2657 803 ipsum
2708 714 2931 778 locum

667 828 1068 919 sepulturae3
1098 829 1350 917 poterit
1387 852 1547 916 ergo
1578 828 1936 917 parochu8‚
1970 835 2047 894 ut
2083 828 2377 909 videtur,
2409 827 2755 893 deducere
2792 850 2935 892 cor-

663 966 792 1031 pus
829 966 1051 1031 usque
1089 942 1176 1007 ad
1198 926 1481 1030 januam
1521 942 1914 1008 coemeterii.

753 1058 825 1123 3⁰
861 1057 934 1123 Si
973 1056 1126 1144 quis
1165 1080 1364 1122 suum
1404 1080 1651 1146 corpus
1697 1056 1981 1122 cremari
2018 1052 2261 1144 jubeat
2306 1057 2483 1121 bona
2528 1055 2673 1141 fide
2718 1052 2933 1141 (quod

663 1193 844 1236 nunc
883 1170 1228 1237 difficilius
1266 1177 1403 1253 est,
1445 1177 1604 1260 post
1651 1170 2001 1236 decretum
2038 1192 2149 1235 an.
2198 1169 2424 1257 1886),
2466 1191 2612 1234 non
2649 1168 2933 1255 privan-

661 1285 789 1349 dus
820 1290 925 1350 est
953 1283 1304 1373 sepultura
1323 1284 1804 1355 ecclesiastica.
1826 1283 2028 1348 Ratio
2057 1291 2165 1349 est
2192 1284 2352 1372 quia
2380 1305 2585 1370 poena
2606 1282 2933 1369 supponit

661 1420 817 1465 vere
870 1398 1143 1485 culpam
1193 1396 1402 1463 fuisse
1463 1397 1930 1478 commissam,
1986 1403 2086 1479 et,
2144 1397 2202 1461 si
2252 1396 2430 1461 bona
2481 1395 2655 1460 fides
2714 1394 2927 1469 adsit,

661 1534 798 1578 non
837 1518 942 1577 est
981 1510 1477 1600 computandus
1515 1509 1881 1576 defunctus
1918 1511 2096 1576 inter
2133 1510 2291 1575 illos
2338 1536 2373 1571 «
2420 1510 2831 1595 manifestos
2866 1516 2933 1573 et

651 1626 966 1713 publicos
993 1633 1375 1713 peccatores
1417 1650 1450 1687 »
1465 1674 1488 1710 ,
1532 1624 1781 1713 quibus
1820 1623 1984 1689 solis
2022 1624 2256 1711 negari
2293 1621 2536 1689 debeat
2576 1621 2932 1710 sepultura

661 1738 1154 1821 ecclesiastica,
1203 1738 1402 1827 juxta
1453 1738 1725 1804 Rituale
1779 1760 2175 1823 romanum,
2228 1738 2315 1803 ad
2358 1738 2543 1827 quod
2596 1760 2673 1802 se
2729 1736 2930 1802 referi

659 1855 730 1919 S.
777 1853 1030 1940 Congr.
1075 1853 1254 1941 1nq.‚
1299 1853 1369 1917 in
1423 1853 1606 1919 dicto
1658 1852 1952 1919 decreto.
1998 1890 2089 1901 —
2140 1852 2277 1918 Sed
2328 1852 2447 1917 illa
2498 1851 2685 1917 bona
2725 1851 2927 1930 fides,

659 1967 1033 2054 proesertim
1074 1967 1304 2050 hodie,
1341 1967 1532 2032 nullo
1571 1967 1774 2032 modo
1810 1966 2271 2054 praesumitur,
2308 1966 2430 2031 sed
2466 1966 2933 2031 demonstrari

656 2078 890 2161 debet,
936 2086 1002 2144 et
1043 2090 1200 2145 nota
1235 2082 1421 2165 fieri,
1465 2082 1551 2145 ad
1589 2080 2080 2173 removendum
2129 2080 2552 2145 scandalum.
2598 2116 2689 2129 ·—
2731 2076 2931 2157 Quod

657 2192 748 2274 si,
793 2192 862 2255 in
901 2192 1129 2279 aliquo
1167 2216 1330 2259 casu
1368 2193 1793 2281 particulari,
1828 2194 2008 2259 adsit
2045 2192 2331 2259 dubium
2368 2200 2486 2258 aut
2525 2191 2924 2270 difficultas,

656 2305 1115 2372 consulendus
1163 2313 1269 2372 est
1315 2306 1748 2390 OrdinariuS,
1792 2314 1870 2373 ut
1909 2308 2006 2374 ait
2046 2307 2284 2375 eadem
2322 2306 2395 2372 S.
2444 2305 2702 2393 Congr.
2746 2297 2923 2393 Inq'..

657 2420 726 2485 in
757 2420 888 2485 fine
927 2420 1180 2487 decreti
1231 2421 1311 2487 15
1352 2422 1498 2489 dec.
1548 2420 1720 2488 1886
1758 2440 1773 2487 :
1830 2448 1863 2482 «
1908 2420 1987 2486 In
2024 2420 2297 2486 casibus
2344 2426 2575 2485 autem
2626 2420 2929 2508 particu-

657 2534 941 2617 laribus,
986 2536 1056 2600 in
1109 2535 1356 2624 quibus
1407 2535 1691 2602 dubium
1742 2537 1856 2602 vel
1907 2531 2277 2601 difficultas
2328 2535 2621 2617 oriatur,
2681 2557 2931 2600 consu—

657 2649 899 2713 lendus
952 2650 1079 2714 erit
1131 2647 1562 2731 OrdinariuS,
1608 2651 1759 2738 qui,
1817 2657 2131 2716 accurate
2188 2651 2546 2737 perpensis
2604 2649 2929 2713 omnibus

653 2760 1022 2848 adjunctiS,
1085 2762 1153 2827 id
1205 2762 1520 2828 decernet
1585 2764 1770 2851 quod
1834 2764 2057 2851 magis
2112 2762 2435 2851 expedire
2493 2763 2565 2826 in
2633 2762 2929 2828 Domino

646 2873 1077 2958 judicaverit.
1128 2903 1160 2936 »

743 2985 814 3047 40
861 2985 1150 3052 Prorsus
1197 2988 1511 3056 illicitum
1558 2996 1664 3055 est
1712 3013 2013 3057 cremare
2060 3013 2309 3080 corpus
2356 2991 2653 3079 alicujus
2693 2990 2931 3056 defun-

652 3098 774 3178 eti,
819 3097 962 3163 sive
999 3099 1058 3165 is
1088 3101 1404 3188 jusserit,
1450 3103 1592 3168 sive
1632 3125 1803 3186 non;
1850 3105 2094 3186 immo,
2140 3105 2199 3170 si
2237 3106 2436 3171 heres
2484 3103 2695 3170 fuerit
2737 3103 2929 3168 insti-

655 3216 841 3276 tutus
905 3235 984 3276 ea
1043 3214 1193 3302 lege
1255 3222 1334 3281 ut
1399 3217 1681 3281 cremari
1748 3225 1939 3283 curet
2003 3242 2252 3306 corpus
2319 3219 2714 3298 testatoris,
2789 3218 2929 3282 haec

651 3325 956 3390 condicio
994 3331 1322 3413 tanquam
1360 3352 1499 3393 nou
1527 3329 1780 3418 scripta
1820 3331 2129 3397 habenda
2172 3338 2311 3412 est,
2344 3338 2425 3396 ut
2462 3337 2758 3397 cavetur
2776 3330 2929 3418 jure

651 3459 928 3502 romano
953 3443 996 3522 ²,
1041 3439 1238 3526 cujus
1275 3441 1399 3506 hac
1436 3442 1506 3506 in
1557 3465 1627 3508 re
1665 3443 2023 3532 dispositio
2073 3445 2143 3509 in
2182 3446 2338 3533 jure
2386 3445 2725 3511 canonico
2766 3445 2929 3511 ado-

651 3556 838 3636 ptata
877 3559 1003 3618 est.

867 3759 906 3833 5
942 3762 1008 3818 2.
1054 3763 1158 3819 De
1197 3763 1651 3834 quibusdam
1690 3767 2099 3838 prohibitis
2139 3769 2223 3826 in
2262 3769 2696 3827 tunel-ibus.

739 3907 926 3990 214.
976 3961 1064 3969 —-
1105 3923 1348 4010 Signa
1397 3933 1536 3994 aut
1580 3928 1938 4014 insignia
1982 3929 2420 4016 prohibita..
2486 3971 2579 3981 —
2630 3931 2925 3996 Omnino

640 4033 1072 4115 prohibitum
1147 4044 1246 4099 est
1313 4041 1571 4121 ser-etro
1630 4041 1975 4126 imponere
2040 4045 2337 4136 insiglnia
2398 4046 2747 4111 societatis
2806 4053 2926 4110 aut

710 4185 727 4217 ¹
763 4185 894 4234 Acta
931 4187 983 4234 S.
1014 4187 1192 4244 Sedis,
1227 4189 1327 4237 loc.
1359 4190 1451 4239 cit.

706 4258 729 4294 ²
763 4260 820 4306 L.
859 4263 1226 4322 Condiciones,
1261 4269 1338 4322 Ν,
1372 4269 1426 4315 ff.
1457 4267 1535 4317 De
1563 4269 1983 4322 condicionibus
2016 4274 2433 4326 institutionum
2463 4277 2767 4337 (xxviii,
2802 4293 2874 4324 vn
2907 4313 2919 4324 .
