3192 5025
602 449 672 501 72
1501 449 1587 499 DE
1628 448 1955 500 ECCLESHS

601 594 767 659 tiam
819 592 1179 681 capitalem
1241 593 1309 656 in
1357 593 1640 658 eeclesia
1700 592 1812 680 (ut
1857 592 2031 657 infra
2080 591 2410 680 dicetur),
2464 600 2533 658 et
2579 593 2857 680 quidem

604 704 690 772 ob
729 707 1177 772 reverentiam
1204 705 1356 771 loco
1395 729 1586 771 sacro
1626 704 1957 786 debitam;
1992 706 2173 772 unde
2210 705 2352 770 haec
2382 708 2651 786 occisi0‚
2699 707 2862 772 lieet

603 821 830 886 forsan
893 843 1030 885 non
1089 819 1412 906 injuriosa
1463 843 1613 902 reo,
1683 828 1789 885 est
1849 820 2178 907 sacrilega
2234 828 2304 886 et
2356 821 2647 886 maxime
2704 820 2859 886 loco

604 958 795 1000 sacro
833 933 1183 1021 injuriosa.
1230 935 1318 1000 Et
1353 935 1447 1000 ita
1487 957 1748 999 omnes.

696 1048 769 1113 20
835 1048 1059 1113 Etiam
1117 1049 1351 1119 occisio
1411 1049 1708 1113 homini-3
1770 1049 1839 1112 in
1902 1049 2134 1112 odium
2186 1048 2379 1132 fidei,
2444 1048 2511 1112 in
2569 1048 2903 1114 ecclesia·

604 1169 903 1250 patrata,
953 1161 1200 1250 polluit
1259 1185 1442 1244 eam,
1495 1183 1633 1226 non
1699 1185 1833 1250 qua
1891 1162 2296 1248 martyrium
2344 1169 2482 1242 est,
2546 1163 2664 1226 sed
2722 1185 2863 1250 qua

605 1275 858 1341 nefaria
897 1276 1072 1341 actio
1111 1283 1216 1341 est
1254 1283 1322 1342 et
1351 1275 1715 1364 sacrilega,
1758 1276 1941 1342 unde
1982 1276 2299 1362 adagium
2334 1295 2349 1341 ε
2392 1275 2593 1341 Actio
2624 1276 2865 1361 displi-

605 1391 769 1474 cuit,
803 1392 1029 1476 passio
1064 1399 1265 1475 qrata
1301 1392 1468 1475 fuit.

697 1586 832 1653 32.
859 1623 949 1633 —
981 1583 1284 1654 Effusio
1316 1585 1734 1672 sanguinis
1771 1585 2129 1653 humani.
2156 1625 2245 1633 -—
2271 1585 2433 1648 Haec
2473 1607 2673 1650 causa
2713 1584 2868 1672 pol-

606 1687 884 1764 lutionis
945 1698 1381 1763 ecclesiarum
1431 1698 1753 1763 distincta
1808 1705 1913 1763 est
1959 1722 1997 1764 a
2052 1699 2413 1788 superiori,
2468 1720 2712 1786 nempe
2774 1697 2867 1763 ab

607 1812 1001 1892 homicidi03
1071 1812 1540 1894 homicidium,
1604 1813 1807 1877 etiam
1872 1813 2019 1876 sine
2080 1812 2432 1900 sanguinis
2494 1811 2861 1894 effusione,

605 1926 852 2013 polluit
907 1925 1292 2006 ecclesiam;
1339 1927 1501 1992 item
1563 1927 1803 1991 effusio
1862 1927 2213 2014 sanguinis
2265 1927 2409 1991 sine
2467 1925 2861 1991 homicidio.

607 2039 801 2105 Unde
831 2040 1070 2123 effusio
1099 2040 1452 2125 sanquinis
1494 2040 1812 2124 humani,
1843 2040 2259 2124 voluntaria,
2297 2040 2664 2128 injuriosa,
2693 2062 2867 2125 qra-

606 2155 777 2218 viter
814 2153 1208 2239 culpabilis,
1252 2154 1548 2238 copiosa,
1611 2155 1681 2218 in
1722 2153 1991 2219 ecclesia
2024 2161 2339 2240 patrata,
2380 2154 2635 2240 polluit
2682 2176 2861 2221 eam.

697 2265 984 2332 Constat
1022 2273 1360 2331 assertum
1403 2289 1550 2356 cap.
1585 2267 1663 2330 Si
1699 2268 2003 2351 ecclesia,
2050 2268 2165 2349 10,
2211 2267 2313 2332 DE
2351 2287 2869 2333 CONSECRA‘HONB.

605 2400 908 2444 secu-:sm
969 2399 986 2446 ε
1069 2406 1102 2442 ι(
1183 2381 1256 2446 Si
1331 2381 1615 2445 ecclesia
1690 2404 1827 2445 non
1902 2387 2295 2446 consecrata
2371 2382 2868 2469 cujuscumque

605 2495 862 2560 semine
917 2493 1117 2560 suerit
1163 2502 1281 2560 aut
1325 2496 1679 2582 san-quinia
1726 2496 2051 2580 effusione
2094 2495 2391 2585 polluta,
2436 2518 2610 2583 aqua
2646 2495 2869 2584 proti-

606 2631 736 2673 nus
787 2608 1161 2674 exorcizata
1214 2609 1502 2691 lavetur,
1560 2632 1647 2675 ne
1704 2609 1935 2674 divina
1986 2609 2207 2675 laudis
2260 2632 2511 2697 organa
2574 2632 2871 2697 suspen-

605 2722 878 2787 dantur.
923 2750 956 2783 »
998 2723 1084 2786 Et
1113 2723 1293 2787 idem
1332 2723 1402 2787 in
1433 2746 1580 2810 cap.
1618 2724 1695 2787 Si
1722 2725 2099 2808 ecclesiam,
2138 2727 2201 2805 1,
2237 2724 2386 2788 eod.
2422 2723 2561 2803 tit.‚
2593 2722 2661 2787 in
2692 2722 2789 2787 VI
2816 2726 2861 2787 ¹.

698 2837 854 2900 Dixi
906 2856 920 2902 :
986 2840 1048 2902 1.
1105 2837 1374 2921 Effusio
1423 2838 1811 2923 sanquinis,
1874 2838 2292 2921 voluntaria,
2357 2838 2690 2924 injuriosa
2706 2888 2730 2919 ,
2798 2838 2871 2901 in

605 2950 875 3014 ecclesia
920 2958 1200 3036 patrata
1227 2972 1253 3015 .·
1305 2973 1456 3039 quae
1505 2949 1710 3016 verba
1764 2951 2011 3040 exponi
2067 2949 2320 3016 debent
2365 2951 2466 3015 uti
2524 2973 2727 3040 supra
2783 2949 2869 3014 de

583 3063 1016 3145 .homicidi0;
1051 3064 1222 3128 ratio
1264 3064 1444 3129 enim
1482 3084 1765 3152 prorsus
1804 3064 2042 3130 eadem
2080 3070 2209 3129 est.

699 3178 763 3241 2.
812 3176 1122 3241 Graviter
1170 3177 1532 3263 culpabilis
1549 3196 1576 3261 ‚⁶
1624 3178 1822 3243 aliter
1874 3177 2055 3242 enim
2107 3200 2246 3241 non
2298 3182 2482 3241 esset
2521 3176 2871 3264 proportio

610 3290 788 3354 inter
833 3289 1100 3377 culpam
1151 3296 1220 3355 et
1267 3313 1572 3377 poenam,
1626 3292 1863 3378 utique
1915 3312 2227 3379 gravem,
2280 3312 2523 3376 nempe
2570 3288 2871 3376 prohibi-

613 3403 868 3469 tionem
907 3404 1292 3469 divinorum
1331 3404 1707 3469 officiorum
1745 3405 1815 3470 in
1846 3404 2155 3469 ecclesia.

702 3518 766 3583 3.
815 3517 1150 3583 EffusiO...
1193 3519 1496 3604 copiosa,·
1533 3517 1662 3582 hoc
1692 3516 1872 3582 enim
1912 3524 2112 3583 sonat
2149 3514 2557 3581 vocabulum
2596 3515 2867 3605 effusio,

612 3630 796 3718 quod
831 3630 1080 3715 legitur
1118 3630 1188 3694 in
1226 3629 1493 3696 duobus
1532 3631 1647 3696 eit.
1693 3629 2031 3719 capitibus
2050 3633 2096 3697 ¹.

703 3743 796 3809 N.
826 3743 907 3807 B.
937 3780 1028 3793 —
1055 3743 1179 3808 Hic
1220 3744 1424 3809 etiam
1463 3744 1785 3832 applicari
1824 3743 2077 3810 debent
2112 3744 2247 3809 duo
2287 3750 2519 3808 notata
2550 3764 2754 3830 supra
2786 3740 2870 3805 de

617 3856 1004 3922 homicidio.

679 4019 696 4052 ¹
735 4018 942 4079 Omitto
971 4034 1089 4069 can.
1122 4020 1398 4079 Ecclesia,
1431 4024 1509 4080 20,
1541 4020 1671 4069 dist.
1698 4018 1741 4079 1,
1760 4019 1845 4068 Ds
1874 4034 2319 4077 consanum-tons,
2337 4020 2463 4082 quia
2488 4020 2683 4067 auctor
2710 4029 2875 4065 cano-

617 4098 699 4145 nis
726 4098 968 4147 incertus
997 4102 1098 4147 est.

678 4175 700 4209 ²
733 4174 813 4224 Cf.
837 4176 1137 4235 Reiffenst„
1163 4176 1260 4225 loc.
1294 4176 1405 4233 cit„
1437 4190 1490 4223 n.
1515 4180 1600 4235 173
1622 4203 1683 4211 —
1713 4176 1933 4235 Suarez,
1958 4176 2038 4224 De
2070 4174 2432 4234 eucharistia,
2456 4175 2596 4237 disp.
2626 4172 2870 4230 LXXXI,

615 4256 749 4302 sect.
783 4268 852 4312 xv,
885 4258 909 4314 5
938 4254 1180 4304 Secundo
1210 4254 1466 4303 violatur.
