3192 5025
656 506 759 560 ,μ
1541 510 1632 561 nn
1671 509 2001 562 Echssus

648 651 988 717 ctionibus
1043 652 1509 719 constitutam.
1568 681 1601 714 »
1667 692 1756 704 —
1816 653 1918 719 Ita
1971 652 2252 734 DeciuS,
2303 649 2647 729 Tuschus,
2707 646 2905 712 Fari-

644 766 950 847 nacciuS,
994 772 1123 831 etc.
1153 769 1199 832 ¹.

744 879 971 944 Tertia
1007 880 1257 965 opinio,
1286 919 1375 930 --
1403 881 1614 946 Juxta
1641 880 1866 961 illam,
1890 879 2007 968 jus
2037 879 2210 966 asyli
2247 901 2332 942 ex
2357 877 2498 943 solo
2515 878 2688 964 jure
2718 873 2905 939 civili

643 997 866 1056 ortum
915 990 1155 1056 habuit
1205 1000 1274 1058 et
1326 993 1445 1058 illo
1490 995 1634 1059 solo
1669 995 1840 1081 jure
1891 993 2154 1074 nititur,
2205 990 2390 1079 quod
2435 987 2766 1077 probatur
2810 1008 2902 1051 ex

638 1105 928 1194 ipsamet
978 1106 1258 1172 historia
1309 1107 1516 1194 hujus
1567 1107 1944 1195 disciplinae
1999 1107 2270 1194 (supra,
2323 1128 2393 1171 n.
2435 1105 2610 1186 47).
2653 1139 2744 1151 —-
2793 1099 2900 1165 Ita

638 1217 789 1284 Van
853 1219 1115 1307 Espen‚
1164 1221 1263 1285 De
1326 1222 1520 1307 asylo
1576 1220 1990 1307 templorum
2013 1223 2076 1303 ²,·
2127 1219 2364 1302 Hahn,
2418 1239 2622 1304 opere
2689 1236 2900 1303 supra

634 1331 743 1420 (n.
784 1332 931 1422 47)
994 1332 1275 1416 citato³;
1341 1333 1557 1421 vigil,
1629 1335 1698 1399 in
1761 1356 1965 1423 opere
2030 1334 2325 1418 Defensa
2377 1332 2457 1396 de
2518 1330 2581 1395 la
2635 1327 2900 1396 autori-

631 1445 798 1531 dazl,
843 1452 974 1511 etc.
1016 1449 1062 1511 ⁴.

722 1559 982 1635 Quarta
1012 1561 1261 1644 opiniO.
1290 1561 1611 1626 —Juxta
1651 1561 1871 1642 illam,
1908 1561 2026 1647 jus
2065 1559 2240 1647 asyli
2279 1568 2514 1624 ortum
2552 1565 2653 1622 est
2681 1555 2901 1621 simul

625 1674 712 1737 ab
754 1681 1043 1760 utroque
1068 1674 1262 1760 jure,
1306 1674 1491 1738 civili
1530 1681 1599 1739 et
1637 1673 1996 1754 canonice,
2039 1681 2104 1738 et
2145 1682 2438 1760 utroque
2473 1670 2690 1736 simul
2730 1670 2898 1734 niti-

624 1791 777 1870 tur,
843 1792 1076 1874 utpote
1145 1788 1427 1852 materia
1483 1789 1722 1853 mixta.
1793 1825 1882 1836 —
1934 1787 2136 1853 Ratio
2193 1793 2300 1852 est
2351 1786 2546 1875 quia,
2609 1807 2696 1849 ex
2753 1805 2898 1847 una

618 1903 842 1983 parte,
886 1899 1210 1984 potestati
1248 1899 1585 1987 spirituali
1623 1923 1784 1965 cura
1823 1907 1893 1965 et
1919 1899 2038 1987 jus
2077 1898 2412 1965 incumbit
2453 1895 2695 1962 tuendi
2735 1917 2897 1960 san-

618 2008 921 2072 ctitatem
961 2010 1231 2096 templi,
1276 2033 1363 2077 ne
1398 2012 1826 2100 profanetur3
1863 2019 1964 2094 et,
2009 2035 2094 2078 ex
2133 2012 2348 2077 altera
2386 2019 2606 2098 parte,
2650 2009 2896 2096 negari

614 2121 852 2207 nequit
909 2123 1070 2209 quin
1128 2124 1332 2187 etiam
1391 2125 1682 2213 principi
1738 2131 1807 2189 et
1865 2125 2298 2212 magistratui
2367 2123 2681 2188 saeculari
2743 2121 2896 2186 offi-

614 2232 793 2296 cium
846 2233 1193 2299 incumbat
1242 2236 1645 2323 providendi
1702 2239 2050 2303 securitati
2103 2237 2399 2326 publicae
2451 2259 2574 2326 per
2618 2236 2894 2322 justam

614 2346 1130 2411 criminosorum
1183 2349 1632 2435 punitionem.
1698 2389 1782 2401 —
1831 2351 1934 2416 Ita
1998 2352 2083 2417 D.
2144 2351 2363 2430 leat-d,
2407 2350 2894 2415 Praelectiones

598 2458 792 2544 juris
820 2461 1153 2545 canonici,
1196 2484 1265 2526 n.
1311 2463 1439 2529 565
1465 2469 1511 2529 ⁵.

702 2571 954 2647 Quinta
994 2575 1242 2658 ορίηἰο.
1288 2612 1372 2625 -
1410 2577 1620 2641 Juxta
1666 2578 1841 2643 hanc
1881 2579 2334 2662 sententiam,
2378 2578 2488 2644 cui
2527 2575 2886 2655 susci-ibe,

608 2684 736 2748 tria
774 2683 1091 2750 dicuntur
1124 2704 1142 2751 ε

698 2794 763 2857 1⁰
799 2796 1160 2881 Hister-icc,
1193 2805 1267 2863 ut
1296 2822 1498 2886 supra
1525 2802 1785 2867 dictum
1825 2811 1931 2868 est
1963 2806 2062 2892 (n.
2091 2805 2200 2874 47
2219 2804 2268 2893 )‚
2303 2804 2672 2892 disciplina
2703 2803 2894 2889 asyli

606 2912 753 2969 orta
792 2913 895 2970 est
932 2929 1017 2972 ex
1063 2912 1570 2995 consuetudine,
1615 2915 2024 3000 urgentibus
2072 2918 2300 2981 causis
2349 2916 2446 2981 ibi
2493 2916 2884 3004 expositis;

605 3038 809 3100 quam
847 3016 1087 3083 deinde
1127 3024 1689 3090 consuetudinem
1733 3028 2031 3093 firmavit
2067 3036 2444 3118 utrumque
2475 3030 2632 3116 juS,
2675 3035 2758 3093 ut
2797 3052 2890 3094 ex

602 3125 801 3191 dictis
838 3136 1048 3215 patet.

689 3240 757 3303 2⁰
796 3240 1167 3329 Disciplina
1228 3247 1401 3332 asyli
1453 3271 1591 3312 non
1648 3258 1754 3316 est
1804 3256 2092 3320 materia
2147 3256 2402 3340 mixta,
2457 3256 2584 3321 sed
2639 3280 2680 3320 a
2729 3257 2887 3321 solo

591 3349 744 3435 jure
781 3354 1103 3418 canonico
1149 3356 1423 3441 pendet.
1466 3398 1557 3409 -—
1592 3362 1798 3427 Ratio
1838 3371 1945 3430 est
1984 3367 2144 3454 quia
2186 3368 2532 3456 quidquid
2569 3370 2892 3455 pertinet

599 3460 683 3525 ad
738 3462 995 3528 cultum
1054 3467 1177 3530 Dei
1234 3475 1303 3532 et
1366 3474 1878 3540 venerationem
1935 3478 1998 3541 ei
2056 3478 2452 3545 habendam
2509 3481 2892 3548 constituit

598 3572 939 3655 objectum
1002 3578 1333 3644 directum
1387 3586 1752 3669 potestatis
1805 3590 2328 3676 ecclesiasticae,
2383 3595 2456 3659 in
2511 3618 2656 3684 quo
2703 3598 2888 3683 jure

596 3682 924 3747 exclusivo
976 3686 1239 3754 fruitur.
1286 3692 1502 3780 Atqui
1547 3698 1852 3783 profecto
1901 3702 2301 3790 hujusmodi
2350 3714 2461 3772 est
2501 3708 2886 3797 disciplina

655 3877 673 3910 ¹
708 3879 869 3939 Apud
897 3880 1386 3950 Schmalzgrueber,
1418 3893 1473 3939 in
1499 3894 1584 3944 tit.
1617 3896 1695 3944 De
1726 3897 2074 3951 immunitate
2102 3905 2256 3963 eccl„
2291 3922 2346 3955 n.
2374 3912 2456 3956 92.

652 3952 675 3986 ²
708 3954 835 4015 Cap.
862 3972 941 4015 vx,
972 3958 1071 4008 loc.
1102 3962 1214 4021 cit„
1238 3981 1289 4027 p.
1324 3972 1400 4017 79.

653 4030 674 4063 ³
707 4030 867 4091 Apud
892 4032 1161 4099 Schmidt,
1193 4044 1233 4089 t.
1264 4058 1317 4103 ν,
1348 4058 1401 4106 p.
1430 4049 1678 4099 438-440.

650 4106 673 4139 4
706 4104 779 4155 Ut
801 4108 917 4168 ipse
945 4118 1127 4164 narrat
1155 4116 1283 4167 Pius
1312 4120 1414 4181 IX,
1435 4124 1490 4171 in
1523 4124 1653 4175 Litt.
1680 4132 1858 4190 apost.
1881 4132 2217 4197 Multiplices
2250 4138 2422 4199 inter,
2449 4146 2512 4189 10
2533 4142 2688 4205 junii
2723 4149 2852 4195 1851

592 4178 669 4225 Pu
694 4180 769 4227 lx
796 4184 954 4242 Acta,
985 4190 1022 4236 t.
1054 4204 1099 4248 ι,
1131 4207 1184 4253 p.
1217 4199 1326 4247 280.
2869 4182 2886 4207 ³

650 4258 670 4289 ⁵
703 4257 796 4306 Ed.
832 4264 974 4321 1893,
1008 4268 1046 4313 t.
1080 4282 1143 4327 ιι,
1175 4286 1225 4331 p.
1254 4277 1360 4323 2175.
