3192 5025
418 487 615 540 CIRCA
653 487 878 539 LOCUM
912 486 984 537 IN
1021 485 1156 547 Quo
1193 485 1488 547 QUISQUE
1521 485 1783 536 mnus
1822 485 2125 536 SEPELIRI
2163 485 2419 536 DEBEAT
2492 484 2593 536 271

338 631 430 696 ad
477 632 868 718 eligendam
917 630 1345 716 sepulturam
1395 629 1466 694 in
1515 629 1823 716 ipsorum
1870 629 2175 694 ecclesiis
2208 629 2378 718 (hoc
2414 629 2597 694 enim

341 747 676 811 intactum
713 744 1124 832 relinquitur
1157 765 1198 808 a
1237 742 1645 832 Bonifacio)‚
1688 744 1813 809 sed
1846 765 1933 808 ne
1972 743 2237 832 aliquos
2274 743 2600 809 inducant

340 860 431 924 ad
469 859 874 943 vovendum,
895 858 1326 944 jurandum,
1367 865 1490 922 aut
1525 857 2109 942 promittendum,
2154 880 2225 922 se
2264 856 2601 922 electuros

341 974 770 1060 sepulturam
803 979 926 1038 aut
961 971 1250 1038 electam
1287 993 1426 1036 non
1465 977 1869 1036 mutaturos,

431 1111 492 1153 c.
536 1086 792 1153 Contra
827 1085 1336 1174 delinquenteS,
1381 1084 1486 1149 hae
1532 1107 1755 1172 poenae
1795 1091 2067 1150 statutae
2114 1092 2276 1151 sunt
2322 1109 2361 1151 a
2400 1085 2602 1152 Boni-

342 1202 518 1266 facio
541 1202 616 1266 in
653 1200 804 1266 eod.
849 1201 1107 1288 capite:
1153 1203 1216 1265 1.
1259 1199 1569 1264 Nullitaa
1605 1199 1944 1264 electionis
1970 1197 2081 1289 (et
2117 1201 2399 1288 proinde
2428 1203 2597 1284 voti,

335 1316 742 1402 juramenti,
784 1313 1329 1402 promissionis);
1384 1351 1472 1362 —
1510 1313 1576 1378 2.
1620 1313 2039 1400 Incapacitas
2083 1313 2379 1400 eliqendi
2432 1317 2604 1381 ulte-

349 1431 539 1512 rius,·
573 1468 661 1478 —
701 1429 764 1495 3.
811 1429 886 1494 Si
923 1434 1157 1494 secuta
1193 1427 1399 1493 fuerit
1445 1426 1830 1514 sepultura,
1873 1427 2199 1514 ohliqatio
2234 1427 2387 1517 (pro
2426 1429 2607 1496 Reli-

345 1543 560 1631 gionis
625 1550 744 1608 aut
805 1541 1105 1630 clericis)
1177 1543 1577 1606 restituendi
1648 1542 1831 1606 intra
1896 1541 2123 1608 decem
2175 1542 2317 1606 dies
2378 1544 2607 1608 omnia

346 1657 803 1722 emolumenta
839 1657 1111 1742 funeris
1119 1706 1142 1740 ,
1177 1665 1242 1719 et
1277 1656 1483 1720 etiam
1517 1677 1766 1741 corpus
1802 1656 1863 1720 .ςί
1888 1662 2193 1741 petatur.
2234 1695 2325 1705 -
2351 1655 2607 1722 Contra

347 1769 736 1856 Religiosos
793 1776 916 1836 aut
979 1768 1262 1834 clericos
1327 1775 1763 1834 contumaces
1814 1768 2168 1834 addiderat
2219 1769 2607 1836 Bonifacius

347 1885 556 1949 aliam
593 1904 899 1970 poenam;
933 1905 1213 1970 nempe,
1251 1883 1308 1947 si
1343 1881 1627 1970 praefata
1664 1882 2007 1947 restitutio
2042 1889 2349 1971 tempore
2378 1883 2606 1949 debito

351 1997 530 2064 facta
567 2020 705 2062 non
743 1997 1018 2079 fuisset,
1061 1991 1426 2061 interdicto
1474 1995 1921 2084 subjacebant
1956 1996 2107 2084 ipso
2156 1997 2335 2062 facto
2372 2020 2609 2063 eorum

349 2113 658 2178 ecclesiae
705 2119 776 2177 et
833 2111 1254 2190 coemeteria3
1308 2110 1431 2175 sed
1493 2110 1638 2175 haec
1698 2132 1985 2175 censura
2038 2108 2198 2175 latae
2254 2112 2609 2177 sententiae

353 2249 492 2290 non
567 2225 694 2289 fuit
763 2232 1089 2290 renovata
1171 2225 1242 2287 in
1325 2223 1813 2289 constitutione
1897 2222 1957 2286 A
1959 2223 2303 2309 postolicae
2380 2225 2605 2309 Sedis,

351 2363 466 2406 an.
504 2338 709 2420 1869,
753 2344 824 2402 et
859 2337 1013 2402 ideo
1050 2337 1370 2402 cessavit.

441 2454 490 2517 d
499 2505 513 2519 .
559 2437 682 2518 Hae
719 2473 938 2541 poenae
975 2475 1015 2517 a
1053 2449 1402 2515 Bonifacio
1433 2451 1588 2516 latae
1616 2451 2032 2516 confirmatae
2071 2450 2349 2517 fuerunt
2384 2474 2421 2516 a
2452 2450 2611 2518 Cle-

353 2574 584 2632 mente
619 2567 702 2648 V,
747 2589 896 2654 cap.
941 2566 1324 2652 CupienteS,
1371 2565 1439 2647 3,
1475 2564 1578 2629 ΒΕ
1617 2586 1840 2647 rOEms,
1874 2570 1907 2651 ξ
1936 2564 2136 2649 Sane,
2166 2564 2414 2646 Clem.;
2460 2566 2611 2653 qui-

353 2680 486 2745 bus
523 2680 862 2768 adjecerat
899 2678 1675 2743 excommunicationem
1721 2678 1871 2766 ipso
1920 2678 2096 2743 facto
2135 2679 2611 2744 incurrendam

353 2819 395 2858 a
434 2794 774 2882 praedictis
812 2793 1074 2857 clericis
1121 2798 1240 2857 aut
1279 2791 1649 2879 religiosis;
1697 2792 1817 2857 sed
1854 2791 1997 2856 haec
2045 2792 2290 2857 iterum
2330 2815 2611 2857 censura

355 2930 495 2972 non
545 2906 673 2972 fuit
711 2912 1034 2972 renovata
1083 2906 1154 2970 in
1191 2905 1382 2971 bulla
1429 2906 1837 2991 Apostolicae
1876 2906 2068 2971 Sedis
2078 2956 2100 2989 ,
2155 2913 2224 2972 et
2270 2906 2423 2973 ideo
2471 2930 2615 2972 ces-

357 3020 560 3087 savit.

905 3253 945 3326 5
981 3254 1050 3311 2.
1090 3254 1202 3311 'De
1241 3254 1638 3325 sepultura
1676 3252 2071 3325 majorum.

459 3474 648 3542 166.
685 3512 777 3521 -
813 3474 1047 3542 Notio
1085 3480 1163 3541 et
1201 3473 1528 3560 species·
1888 3550 1892 3555 .

457 3592 524 3651 1⁰
575 3587 840 3653 Dicitur
878 3588 1270 3673 sepulcrum
1310 3588 1660 3673 majorum
1717 3585 1891 3650 illud
1938 3585 2325 3673 sepulcrum
2376 3586 2445 3650 in
2482 3609 2619 3674 quo

363 3702 662 3789 alicujus
718 3704 1013 3788 majores
1062 3724 1176 3766 seu
1232 3701 1657 3765 ascendentes
1714 3700 1964 3786 sepulti
2016 3700 2491 3786 requiescunt,·
2536 3724 2621 3767 ex

362 3816 476 3881 his
523 3838 770 3903 nempe
827 3815 1197 3903 majoribus
1218 3868 1233 3897 ,
1275 3836 1454 3879 unus
1499 3814 1633 3879 sibi
1686 3815 1959 3901 suisque
2006 3813 2362 3879 constituit
2399 3816 2624 3902 sepul-

367 3952 592 4011 crum,
637 3928 870 4017 sicque
909 3929 1196 4017 adeptus
1233 3934 1342 3993 est
1365 3929 1496 4015 jus
1531 3928 1859 4013 sepulcri,
1904 3927 2088 4015 quod
2132 3927 2221 3991 ad
2266 3950 2427 3993 suos
2465 3928 2621 3993 dein

367 4043 880 4111 transmittitur.

461 4157 530 4221 2⁰
602 4156 876 4245 Triplex
951 4162 1096 4222 erat
1157 4156 1310 4245 jure
1385 4178 1666 4220 romano
1740 4154 2130 4243 hujusmodi
2195 4154 2620 4243 sepulcrum,

369 4293 617 4360 nempe
667 4270 1048 4357 familiare,
1118 4270 1643 4353 hereditarium,
1700 4275 1771 4334 et
1834 4269 2127 4335 mixtum
2164 4290 2193 4335 .·
2240 4269 2621 4355 familiare,
