3192 5025
625 495 730 550 308
1193 497 1282 548 DE
1318 497 1753 570 omui-{Tssmls
1792 497 1875 548 ΕΤ
1910 494 2315 547 SEPuL'runls

623 642 908 708 heredes
959 648 1188 730 petere
1240 649 1318 708 ut
1381 641 1451 707 in
1505 641 1797 708 ecclesia
1846 639 2217 730 parochiali
2268 639 2387 704 fiat
2432 637 2621 704 aliud
2676 637 2880 704 funus

626 757 910 844 (praeter
949 754 1154 822 funus
1209 755 1281 823 in
1333 756 1623 821 ecclesia
1670 754 2052 820 tumulante
2089 751 2629 843 peragendum),
2674 752 2880 818 modo

624 879 855 936 tamen
903 869 1064 935 inde
1113 893 1251 935 non
1305 880 1629 958 gravetur
1679 869 1905 935 clerus
1960 868 2261 934 ecclesiae
2312 867 2755 950 tumulantis,
2812 867 2881 932 id

625 991 730 1049 est
767 983 970 1049 modo
1009 1007 1148 1049 non
1186 990 1502 1050 teneatur
1537 984 1868 1050 interesse
1906 983 2064 1048 huic
2100 983 2295 1048 alteri
2332 981 2578 1049 funeri.

718 1213 911 1282 192.
949 1251 1034 1266 -
1074 1214 1525 1291 Quaeritur:
1569 1213 1648 1282 2⁰
1684 1213 1875 1278 Num
1912 1213 1977 1277 υἱ
2013 1211 2513 1277 consuetudinis
2542 1211 2769 1297 possit
2804 1212 2889 1275 de

609 1328 902 1415 juribus
955 1328 1330 1413 funerandi
1389 1335 1454 1392 et
1511 1327 1901 1393 tumulandi
1947 1325 2214 1412 disponi
2248 1333 2487 1391 contra
2506 1327 2641 1412 jus
2698 1347 2889 1391 com-

625 1463 850 1508 mune.

716 1559 786 1620 1⁰
823 1553 1024 1635 Quod
1060 1553 1266 1621 funus
1317 1554 1435 1620 fiat
1485 1555 1556 1618 in
1605 1553 1889 1620 ecclesia
1945 1552 2348 1642 parochiali,
2402 1561 2472 1618 et
2518 1553 2887 1618 tumulatio

624 1671 693 1735 in
733 1669 866 1736 alia
901 1669 1221 1750 ecclesia,
1265 1691 1512 1757 nempe
1548 1669 1619 1732 in
1657 1691 1735 1734 ea
1775 1691 1928 1757 quae
1966 1667 2057 1733 sit
2093 1667 2343 1748 electa,
2384 1666 2496 1732 vel
2534 1667 2891 1756 possideat

622 1784 1010 1872 sepulcrum
1058 1782 1426 1871 majorum,
1481 1782 1899 1847 consuetudo
1955 1781 2227 1849 videtur
2272 1781 2593 1846 inducere
2638 1801 2883 1868 posse3

621 1897 782 1963 licet
819 1897 1000 1963 enim
1031 1896 1190 1962 talis
1225 1919 1391 1962 usus
1421 1896 1512 1962 sit
1550 1902 1786 1961 contra
1806 1895 1923 1982 jus
1960 1917 2347 1976 commune,
2376 1902 2681 1960 attamen
2710 1919 2887 1961 nun-

621 2031 826 2099 quam
885 2010 1015 2076 suit
1070 2009 1495 2098 reprobatus
1552 2049 1643 2059 —
1696 2009 2056 2091 Attamen,
2115 2032 2273 2075 cum
2336 2015 2579 2096 agatur
2628 2008 2743 2074 hic
2802 2008 2886 2074 de

619 2145 780 2188 vera
810 2123 1348 2211 praescriptione,
1383 2123 1804 2189 consuetudo
1833 2123 2113 2214 proefata
2141 2122 2345 2190 debet
2374 2122 2623 2188 habere
2652 2123 2885 2188 omnia

618 2235 980 2324 requisita,
1045 2244 1193 2301 tum
1255 2237 1769 2302 consuetudinis
1796 2291 1811 2320 ,
1873 2245 2019 2304 tum
2076 2237 2655 2325 praescriptionis;
2725 2259 2885 2302 cum

617 2355 848 2415 autem
885 2349 1016 2414 ista
1055 2350 1392 2439 separatio
1431 2350 1687 2416 funeris
1726 2357 1795 2417 et
1843 2351 2211 2438 sepulturae
2258 2349 2621 2416 abhorreat
2656 2373 2697 2416 a
2726 2350 2887 2438 jure

617 2463 994 2544 communi,
1027 2463 1396 2552 requiritur
1431 2464 1855 2531 consuetudo
1895 2465 2456 2531 immemorabilis
2483 2463 2597 2531 vel
2634 2464 2883 2531 saltem

617 2578 1164 2664 quadrayenaria
1225 2600 1381 2643 cum
1448 2578 1672 2644 titula
1737 2578 1914 2644 Hinc
1974 2585 2081 2643 est
2151 2578 2367 2667 quod,
2430 2579 2499 2643 in
2565 2578 2885 2666 pluribus

616 2689 1078 2755 Romanarum
1127 2689 1750 2778 Congregationum
1794 2691 2253 2757 decisionibus
2298 2692 2477 2757 hanc
2524 2692 2883 2757 materiam

617 2800 1117 2889 spectantibuS,
1185 2802 1257 2867 in
1322 2810 1470 2868 tuto
1531 2813 1883 2892 ponuntur
1946 2804 2243 2893 praefatae
2310 2805 2879 2887 consuetudineS,

617 2913 818 2979 modo
858 2915 998 2979 sint
1033 2915 1338 3001 legitime
1375 2916 1859 2983 demonstratae
1886 2922 1931 2984 ¹.

704 3026 772 3091 2ο
811 3027 939 3093 Hic
967 3034 1198 3093 autem
1233 3052 1400 3094 usus
1437 3038 1664 3117 potest
1702 3032 1969 3115 induci,
2014 3054 2151 3098 non
2192 3033 2395 3098 modo
2432 3032 2505 3097 in
2544 3056 2685 3098 una
2718 3032 2890 3099 civi-

615 3146 756 3206 tate
793 3140 970 3206 inter
1017 3140 1338 3207 ecclesias
1374 3142 1539 3223 loci,
1585 3145 1707 3209 sed
1756 3144 1964 3211 etiam
2009 3146 2081 3211 in
2130 3146 2357 3235 aliqua
2406 3147 2681 3235 integra
2720 3146 2884 3213 dioe-

617 3254 753 3319 cesi
791 3259 909 3318 aut
943 3254 1252 3340 regione;
1297 3256 1480 3343 quod
1518 3256 1603 3321 de
1634 3280 1707 3321 se
1745 3263 1959 3345 patet.

705 3366 776 3433 3⁰
803 3365 1048 3432 Utrum
1086 3368 1305 3453 possit
1334 3368 1562 3433 induci
1604 3371 2061 3453 consuetudo,
2093 3373 2163 3438 vi
2204 3372 2403 3460 cujus
2442 3373 2767 3454 heredes,
2812 3375 2879 3438 in

615 3500 777 3543 casu
839 3478 1205 3565 sepulturae
1275 3480 1508 3546 electae
1566 3483 1682 3548 vel
1746 3484 2136 3571 gentilitiae,
2196 3494 2565 3552 teneantur·
2624 3488 2881 3577 duplex

613 3589 849 3673 funus,
893 3590 1235 3678 duplicem
1272 3594 1554 3679 proinde
1606 3596 1922 3681 missam,
1966 3621 2200 3685 agere,
2243 3622 2464 3665 unum
2512 3624 2765 3691 nempe
2812 3603 2881 3667 in

613 3702 896 3767 ecclesia
934 3704 1332 3791 parochiali,
1373 3706 1663 3773 alterum
1711 3708 1783 3773 in
1830 3710 2119 3777 ecclesia
2158 3711 2405 3796 electa,
2448 3715 2734 3802 gravior
2778 3725 2883 3782 est

613 3813 1000 3881 difficultas
1045 3813 1219 3880 Cum
1256 3825 1500 3903 agatur
1540 3820 1651 3885 hic
1690 3821 1773 3886 de
1812 3823 2309 3891 consuetudine
2330 3836 2596 3912 praeter
2626 3828 2877 3915 levem,

611 3948 854 4013 nempe
892 3926 976 3991 de
1016 3930 1502 3996 consuetudine
1549 3955 1833 4017 novam,
1877 3934 2189 4026 hancque
2236 3962 2559 4026 gravem,
2614 3941 2881 4030 obliga-

673 4134 691 4169 ¹
728 4134 806 4183 Cf.
837 4134 1036 4197 folium
1073 4140 1258 4188 relatae
1293 4154 1471 4190 causae
1501 4142 1758 4204 Lucanae,
1783 4159 1871 4195 an.
1906 4151 2054 4204 1722,
2082 4148 2137 4196 in
2165 4148 2469 4211 Thesauro,
2500 4156 2545 4204 t.
2574 4170 2642 4215 n,
2670 4170 2728 4219 p.
2760 4160 2873 4214 1253

609 4236 668 4248 —
710 4212 933 4277 insuper
971 4216 1156 4278 plures
1191 4216 1494 4268 decisiones
1535 4222 1734 4271 relatas
1777 4236 1808 4271 a
1851 4222 2168 4288 Pignatelli,
2215 4228 2469 4281 Contuli.
2514 4246 2661 4292 can..
2708 4236 2751 4283 t.
2796 4249 2873 4291 m,

609 4300 760 4337 cons-
791 4304 976 4349 xwuu,
1007 4309 1060 4341 n.
1093 4298 1140 4354 7,
1165 4298 1212 4341 9.
