3192 5025
653 494 754 548 ¹96
1527 496 1617 546 DE
1654 494 2021 546 ALTARIBUS

648 640 858 719 potius
911 659 1052 698 cum
1105 660 1140 699 a
1199 637 1442 699 tumulo
1496 638 1752 719 proprio
1805 638 2115 698 removeri
2164 659 2288 698 non
2343 638 2646 713 solerent,
2696 638 2901 701 visum

647 750 742 801 est
779 742 1064 802 sufficere
1103 740 1415 825 reliquias
1459 750 1567 802 aut
1608 740 1885 825 piqnora
1935 750 2308 822 martyrum,
2361 751 2422 802 et
2466 744 2554 802 sic
2606 744 2903 804 aedificari

647 868 892 927 coepere
923 847 1232 924 ecclesiae,
1263 848 1327 907 in
1357 867 1622 928 quarum
1669 846 1881 919 altari,
1916 854 2212 929 tanquam
2254 847 2313 905 in
2356 847 2679 928 sepulcr0,
2710 848 2907 929 depo-

647 958 943 1013 nerentur
985 952 1263 1033 reliquiae
1307 959 1677 1033 martyrum.
1728 949 1935 1011 Prima
1986 952 2195 1011 forsan
2244 950 2431 1033 hujus
2482 952 2568 1011 rei
2613 955 2903 1035 exempla

646 1056 958 1117 habentur
981 1057 1045 1115 in
1070 1056 1135 1115 S.
1165 1054 1501 1116 Ambrosio
1526 1056 1633 1137 qui
1664 1056 1727 1114 in
1758 1054 2012 1115 civitate
2041 1054 2088 1114 F
2089 1055 2546 1116 lorentinorum
2579 1056 2903 1117 basilicam

643 1161 972 1221 constituit
1001 1181 1142 1221 cum
1179 1160 1458 1240 reliquiis
1484 1168 1827 1239 martyrum
1860 1159 2084 1219 Vitalis
2113 1168 2177 1219 et
2199 1159 2542 1239 Agricolae,
2575 1170 2639 1221 et
2678 1171 2905 1242 postea

645 1266 984 1327 Mediolani
1033 1265 1348 1325 dedicavit
1396 1264 1714 1325 basilicam
1764 1284 1907 1325 cum
1958 1262 2254 1347 reliquiis
2300 1264 2412 1325 SS.
2462 1265 2903 1345 apostolorum

642 1372 810 1431 Petri
844 1378 906 1430 et
937 1369 1145 1443 Pauli,
1179 1370 1257 1429 ab
1287 1368 1440 1429 urbe
1465 1368 1668 1429 Roma
1698 1368 1909 1428 relatis
1936 1368 1980 1429 ¹.
2018 1368 2197 1437 Quod
2230 1367 2380 1429 fecit
2408 1370 2594 1429 etiam
2624 1371 2689 1431 S.
2726 1368 2903 1431 Pau-

641 1475 804 1535 linus
825 1475 888 1533 in
915 1474 1164 1535 basilica
1187 1473 1520 1533 Fundana:
1549 1496 1578 1527 «
1604 1472 1861 1544 Verum,
1886 1472 1996 1548 ait,
2020 1472 2180 1532 hanc
2204 1493 2457 1554 quoque
2478 1473 2900 1547 basiliculam,

639 1578 718 1640 de
754 1576 1106 1639 benedictis
1142 1576 1571 1659 apostolorum
1606 1583 1667 1637 et
1704 1583 2063 1657 martyrum
2105 1575 2432 1659 reliquiis,
2466 1578 2623 1638 sacri
2654 1578 2903 1639 cineres

639 1683 1098 1744 consecrabunt
1117 1680 1163 1742 ².
1203 1706 1230 1737 η
1263 1717 1342 1725 -
1379 1682 1512 1741 Imo
1542 1680 1842 1762 paulatim
1874 1700 2011 1740 mos
2040 1681 2335 1756 invaluit,
2370 1688 2438 1741 ut
2479 1702 2605 1742 non
2644 1682 2903 1743 dedica-

637 1795 808 1848 retur
835 1788 1093 1848 ecclesia
1125 1787 1256 1847 sine
1287 1785 1564 1867 reliquiis
1583 1831 1599 1861 ,
1631 1807 1771 1866 quae
1809 1785 2119 1866 praecipue
2149 1785 2211 1843 in
2242 1784 2379 1867 ejus
2408 1785 2589 1845 altari
2618 1786 2905 1868 depone-

634 1899 870 1952 rentur.
909 1892 1070 1953 Hinc
1096 1892 1160 1951 S.
1195 1890 1536 1969 Gregorius
1567 1889 1876 1949 scribebat
1903 1889 1978 1949 ad
2003 1888 2313 1950 Mellitum
2332 1938 2347 1962 ,
2380 1890 2484 1971 qui
2516 1890 2580 1950 in
2604 1891 2901 1971 Angliam

632 1996 1031 2077 profecturus
1075 2004 1208 2056 erat
1245 2012 1258 2054 :
1315 2021 1343 2050 α
1401 1996 1577 2076 Aqua
1634 1993 1959 2054 benedicta
2008 1994 2147 2068 fiat,
2193 1993 2257 2054 in
2304 1994 2536 2053 eisdem
2586 1994 2747 2055 fanis
2790 1996 2901 2077 (in

633 2099 923 2160 ecclesias
967 2099 1444 2175 convertendis)
1487 2106 1877 2179 aspergatur,
1927 2096 2164 2159 altaria
2214 2103 2689 2175 construantur,
2742 2100 2903 2161 reli-

635 2203 802 2287 quiae
821 2210 1152 2285 ponantur
1171 2204 1216 2265 ³.
1256 2229 1286 2259 ³>

710 2312 775 2369 3⁰
816 2311 1144 2381 Attamen,
1178 2316 1322 2369 ante
1361 2308 1661 2368 saeculum
1692 2328 1775 2367 vn
1814 2314 1923 2367 aut
1952 2328 2085 2379 vm,
2120 2328 2246 2367 non
2287 2307 2408 2368 suit
2446 2308 2547 2367 lex
2586 2308 2901 2370 canonica

630 2414 964 2493 generaliS,
1002 2412 1231 2493 jubens
1271 2412 1489 2493 reponi
1529 2411 1821 2493 reliquias
1852 2411 1915 2470 in
1955 2409 2253 2472 ecclesiiS.
2290 2410 2557 2471 Constat
2586 2419 2720 2472 tum
2750 2412 2901 2493 plu-

632 2521 803 2580 ribus
861 2518 1161 2599 exemplis
1211 2517 1611 2578 ecclesiarum
1670 2517 1802 2576 sine
1860 2515 2138 2597 reliquiis
2168 2516 2617 2600 ,dedicatarum
2641 2517 2687 2592 ⁴,
2750 2525 2894 2578 tum

629 2625 971 2705 praesertim
1005 2622 1269 2704 epistola
1301 2620 1515 2700 Vigilii
1558 2621 1637 2681 ad
1669 2620 2078 2680 Profuturum
2128 2621 2489 2702 episcopum
2538 2621 2675 2702 (an.
2730 2622 2899 2702 538)

629 2749 814 2809 supra
851 2735 950 2802 (n.
987 2729 1105 2806 10,
1128 2727 1229 2801 3⁰)
1269 2726 1495 2797 relata,
1536 2726 1599 2784 in
1640 2745 1763 2806 qua
1803 2724 2081 2806 apprime
2121 2724 2451 2802 distinguit
2490 2725 2655 2785 inter
2683 2726 2897 2787 eccle-

627 2832 812 2904 siam,
849 2856 878 2886 «
923 2831 986 2890 in
1018 2852 1138 2912 qua
1180 2828 1546 2891 sanctuaria
1572 2849 1694 2888 ηοη
1727 2833 2083 2910 ponuntur,
2124 2854 2152 2882 »ν
2186 2835 2248 2888 et
2277 2828 2635 2902 ecclesiam,
2669 2830 2734 2888 in
2761 2853 2895 2911 qua

627 2941 950 3014 ponuntur
972 2934 1018 2996 ⁵.

705 3037 774 3097 4⁰
813 3036 1164 3098 Concilium
1193 3037 1515 3098 Nica-enum
1550 3037 1607 3097 11
1641 3043 1779 3111 (an.
1820 3037 2006 3116 787),
2040 3057 2177 3097 can.
2206 3041 2267 3110 7,
2301 3037 2593 3118 prohibet
2623 3037 2893 3098 omnino

633 3164 706 3202 ne
737 3143 868 3202 sine
901 3141 1177 3223 reliquiis
1206 3141 1434 3222 templa
1465 3147 1943 3201 consecrentur:
1974 3165 2003 3196 «
2032 3141 2454 3222 Quaecumque
2481 3141 2711 3222 templa
2739 3163 2893 3202 con·

693 3365 712 3401 ¹
746 3363 826 3413 Cf.
859 3363 1144 3412 Paulinum
1181 3363 1340 3422 diac.,
1377 3361 1496 3410 Vita
1523 3363 1574 3410 S.
1608 3360 1912 3420 Ambrosii,
1946 3377 1997 3410 n.
2026 3367 2103 3418 29,
2134 3366 2223 3422 303
2258 3361 2467 3424 Mignc,
2500 3361 2558 3410 P.
2592 3363 2671 3420 1..‚
2704 3367 2745 3412 t.
2776 3379 2891 3421 xiv,

629 3444 733 3492 col.
773 3447 850 3500 37,
891 3447 978 3500 38;
1021 3445 1077 3490 et
1113 3441 1487 3499 Ambrosium,
1519 3439 1713 3503 Epist„
1754 3455 1887 3500 xxn,
1928 3439 2015 3489 Ad
2046 3439 2447 3498 Mareellinam,
2485 3455 2539 3488 n.
2574 3445 2631 3500 1,
2676 3441 2893 3504 Migne,

632 3522 691 3570 P.
723 3523 800 3578 L„
833 3525 872 3570 t.
904 3535 1019 3578 xvi,
1052 3520 1156 3569 col.
1191 3523 1328 3567 1019.
1359 3546 1414 3554 -
1447 3517 1610 3567 lnitio
1641 3519 1758 3567 hoec
1780 3517 2021 3583 pignora
2052 3518 2137 3566 vel
2178 3517 2429 3582 reliquiae
2464 3520 2748 3581 martyris,
2780 3536 2893 3570 non

631 3603 784 3648 erant
823 3600 1122 3662 fragmenta
1165 3599 1280 3661 ejus
1313 3597 1585 3660 corporis»,
1630 3597 1723 3646 sed
1763 3597 1933 3646 lintea
1970 3596 2058 3645 vel
2095 3596 2398 3658 panniculi,
2438 3611 2559 3659 quae
2596 3598 2895 3660 tetigerant

633 3677 747 3739 ejus
785 3693 981 3740 corpus
1021 3681 1077 3726 et
1114 3675 1420 3738 praesertim
1464 3674 1582 3738 ejus
1622 3675 1883 3737 sanguine
1924 3675 2139 3724 fuerant
2174 3675 2405 3724 imbuta.
2448 3675 2527 3723 Cr.
2568 3674 2890 3737 Duchesne,

635 3754 888 3819 Origines
915 3755 988 3804 du
1018 3754 1164 3804 culte
1192 3751 1456 3811 chrdtien,
1487 3768 1535 3802 c.
1567 3768 1658 3812 ιιι,
1690 3757 1714 3813 g
1746 3759 1799 3813 1,
1831 3752 2009 3812 Paris,
2043 3757 2183 3812 1903,
2216 3768 2269 3816 p.
2308 3757 2416 3802 402.

696 3835 718 3868 ²
749 3833 802 3882 S.
837 3833 1117 3892 Paulinus,
1149 3831 1341 3896 Epist„
1372 3846 1540 3890 xxxii,
1575 3831 1663 3880 Ad
1694 3831 1975 3890 Severum,
2010 3847 2062 3879 n.
2104 3836 2190 3892 17;
2231 3831 2440 3894 Migne‚
2478 3831 2539 3880 Ρ.
2572 3832 2649 3890 L„
2692 3835 2734 3882 t.
2776 3847 2890 3892 ux,

634 3913 736 3962 col.
762 3917 872 3962 338.

695 3993 717 4027 ³
749 3990 942 4054 Epist„
974 3989 1068 4038 lib.
1095 3987 1187 4048 XI,
1219 4003 1305 4051 cp.
1333 4002 1514 4048 1.xxv1;
1543 3989 1752 4052 Migne,
1777 3988 1840 4038 Ρ.
1858 3989 1937 4048 L.,
1966 3991 2005 4037 t.
2032 4003 2232 4047 mxxvii,
2260 3988 2364 4036 col.
2390 3993 2534 4036 1215.
2558 4014 2615 4026 —
2638 3988 2720 4038 Cf.
2746 3991 2893 4041 Mas*

632 4071 774 4128 tene,
797 4069 873 4118 De
901 4066 1149 4132 antiquis
1177 4066 1431 4116 Ecclesia!
1458 4065 1685 4124 ritibus,
1718 4067 1814 4116 lib.
1848 4065 1924 4126 11,
1956 4081 2003 4116 c.
2032 4081 2150 4126 xm,
2182 4082 2235 4115 n.
2268 4071 2395 4126 8-9,
2428 4069 2469 4116 t.
2494 4082 2560 4124 u,
2594 4083 2646 4130 p.
2678 4071 2791 4117 2⁴².

692 4148 715 4181 ⁴
749 4148 830 4195 De
853 4145 1051 4208 quibus
1081 4145 1352 4204 Martene,
1387 4145 1489 4196 loc.
1519 4143 1633 4203 cet„
1667 4161 1719 4193 n.
1753 4150 1829 4194 10.

694 4227 715 4259 Β
749 4225 932 4273 Canon
961 4227 1020 4271 83
1053 4222 1267 4272 Codicis
1295 4222 1551 4292 Ecclesiae
1579 4221 1869 4284 africanae,
1902 4224 1995 4286 qui
2034 4237 2207 4272 canon
2247 4222 2603 4272 ascribendus
2636 4227 2723 4273 est
2750 4239 2887 4274 con-

629 4303 753 4350 cilio
783 4301 1188 4364 Carthaginensi
1221 4301 1306 4364 (13
1338 4305 1477 4364 sept.
1511 4305 1658 4363 401),
1683 4301 1845 4365 jubet
1871 4301 2089 4364 quidem
2118 4301 2326 4351 destrui
2360 4301 2648 4352 memorias
2672 4307 2885 4368 marty-
