3192 5025
575 510 676 563 136
1463 511 1550 562 DE
1587 509 1942 561 ORAToRuS

663 652 1042 719 Dicendum
1103 661 1332 719 tamen
1393 653 1631 719 adesse
1692 651 2179 740 obligationem
2236 654 2479 720 saltem
2540 653 2834 719 benedi-

571 767 767 832 cendi
822 768 1112 832 oratoria
1166 767 1461 855 publica.
1513 805 1605 816 —
1649 767 1823 834 Vera
1881 767 2083 856 hujus
2138 767 2574 856 obligationis
2630 769 2833 855 origo

569 882 884 969 ponenda
926 888 1030 947 est
1077 882 1147 946 in
1203 881 1322 946 illa
1369 881 1893 962 consuetudine,
1945 882 2030 947 de
2074 906 2209 970 qua
2256 905 2457 972 supra
2517 881 2620 970 (n.
2676 882 2828 970 19)

568 994 826 1059 dictum
864 1001 1002 1077 est,
1048 1018 1290 1082 nempe
1327 996 1761 1061 consecrandi
1798 995 2025 1060 omnia
2062 995 2209 1060 loca
2252 997 2321 1059 in
2360 995 2606 1084 quibus
2642 994 2831 1060 cele-

567 1107 904 1174 brandum
943 1116 1088 1175 erat
1125 1109 1350 1173 missae
1388 1108 1825 1191 sacrificium,
1870 1132 2021 1197 quae
2070 1108 2487 1174 consuetudo
2524 1107 2831 1195 comple-

567 1223 877 1288 ctebatur
913 1222 1116 1288 etiam
1156 1223 1468 1304 oratoria,
1503 1230 1581 1289 ut
1619 1223 1754 1289 late
1793 1222 2084 1311 probant
2113 1224 2486 1304 doctores¹,
2521 1222 2639 1287 sed
2668 1245 2831 1310 quae

567 1337 897 1425 paulatim
933 1337 1428 1402 consecrationi
1459 1336 1813 1402 substituit
1852 1337 2058 1402 ritum
2090 1338 2421 1402 minorem
2460 1345 2529 1402 et
2557 1336 2829 1402 brevio—

567 1474 741 1532 rem,
795 1474 998 1539 quem
1053 1452 1256 1516 etiam
1311 1451 1655 1539 simplices
1706 1450 2087 1540 presbyteri
2130 1453 2449 1539 perficere
2501 1458 2819 1539 possent,

567 1587 810 1652 nempe
870 1567 1420 1630 benedictionem.
1491 1566 1667 1630 Hinc
1731 1565 2208 1630 necessitatem
2274 1564 2479 1653 hujus
2545 1564 2827 1631 benedi-

567 1677 812 1742 ctionis
847 1681 1200 1764 supponit,
1244 1678 1473 1765 potius
1511 1701 1717 1766 quam
1758 1681 2076 1764 imponit,
2114 1679 2385 1744 Rituale
2423 1702 2817 1754 romanum,

567 1792 670 1855 tit.
725 1813 872 1874 vm,
925 1816 984 1858 c.
1037 1813 1256 1872 xxvn,
1311 1793 1380 1857 in
1427 1792 1576 1880 ipsa
1627 1793 1901 1857 rubrica
1950 1791 2151 1880 hujus
2198 1793 2472 1880 capitis,
2526 1816 2675 1880 quae
2724 1793 2824 1858 sic

567 1928 640 1969 se
689 1905 943 1972 habet:
989 1931 1020 1966 «
1058 1906 1258 1972 Ritus
1303 1905 1750 1972 benedicendi
1798 1930 2047 1971 novam
2094 1906 2449 1972 ecclesiam
2498 1930 2618 1972 seu
2664 1930 2825 1972 ora—

571 2021 824 2084 torium
872 2021 1264 2105 publicum,
1322 2029 1396 2086 ut
1449 2021 1544 2086 ibi
1593 2021 2095 2086 sanctissimum
2149 2023 2361 2085 missae
2410 2023 2823 2106 sacrificium

569 2133 899 2199 celebrari
929 2135 1166 2219 possit.
1211 2163 1240 2194 n
1284 2134 1448 2199 Inde
1486 2136 1718 2223 plures
1760 2136 2110 2203 doctores*
2148 2134 2493 2201 deducunt
2530 2137 2825 2201 necessi-

571 2253 781 2312 tatem
829 2245 1321 2313 benedictionis
1367 2273 1488 2337 pro
1538 2250 1849 2314 oratoriis
1895 2249 2212 2337 publicis,
2258 2287 2345 2298 —
2392 2250 2568 2315 Hinc
2616 2251 2824 2316 etiam

569 2361 640 2426 S.
711 2361 964 2448 Congr.
1033 2363 1201 2444 Rit.,
1269 2364 1351 2428 de
1414 2366 1713 2429 oratorio
1765 2365 2045 2450 publico
2106 2365 2402 2450 alicujus
2466 2367 2829 2429 coemeterii

561 2477 857 2563 publici,
921 2478 1425 2567 archiepiscopo
1493 2479 1815 2567 Capuano
1888 2479 2217 2568 quaerenti
2287 2500 2450 2543 num
2512 2477 2824 2545 benedici

570 2589 866 2673 deberet,
911 2594 1259 2680 rescripsit
1292 2612 1307 2660 :
1353 2621 1384 2654 «
1423 2593 1899 2678 Affirmative,
1947 2602 2276 2679 tanquam
2306 2616 2435 2679 per
2461 2594 2823 2679 publicum

569 2708 970 2772 oratorium.
1028 2735 1060 2768 »
1121 2708 1200 2772 In
1266 2708 1622 2793 Capuana,
1690 2707 1767 2773 31
1826 2707 1972 2794 jan.
2040 2706 2275 2773 1887³.
2346 2705 2569 2785 Quam
2630 2730 2823 2772 suam

559 2820 1169 2908 jurisprudentiam
1216 2822 1452 2887 eadem
1499 2822 1571 2888 S.
1628 2822 1766 2887 Rit.
1823 2820 2103 2908 Congr.,
2156 2822 2435 2886 Decreto
2482 2822 2818 2907 yenerali,

569 2934 608 2999 5
640 2934 815 3021 junii
859 2934 1054 3015 1899,
1099 2958 1168 3001 n.
1212 2936 1286 3017 2,
1332 2936 1550 3023 magis
1588 2936 2069 3001 determinavit
2104 2935 2559 3023 firmavitque,
2602 2934 2825 3000 decla-

571 3069 727 3112 rans
759 3066 774 3111 :
819 3074 850 3107 «
891 3048 1228 3113 Ecclesias
1266 3055 1496 3115 autem
1535 3073 1774 3114 omnes
1820 3072 1970 3115 esse
2009 3048 2094 3114 ab
2134 3049 2533 3137 episcopO...
2580 3048 2823 3113 saltem

570 3160 1099 3243 benedicendaS‚
1142 3164 1721 3249 quemadmodum
1759 3164 1963 3227 etiam
2005 3164 2300 3228 oratoria
2341 3162 2653 3247 publica,
2696 3161 2827 3227 sub

573 3276 862 3341 formula
900 3277 970 3341 in
1011 3277 1268 3342 Rituali
1304 3299 1584 3342 romano
1625 3278 2018 3365 praescripta
2036 3278 2079 3340 ⁴.
2130 3304 2163 3337 n

665 3390 815 3456 Duo
861 3398 1093 3457 tamen
1140 3391 1450 3456 addenda
1494 3392 1924 3479 putaverim:
1980 3390 2042 3455 1.
2098 3389 2326 3456 Sicubi
2373 3391 2623 3455 existat
2668 3412 2829 3455 con·

574 3505 862 3571 suetudo
899 3528 1035 3570 non
1065 3504 1510 3571 benedicendi
1545 3505 1838 3570 oratoria
1865 3504 2162 3591 publica,
2196 3504 2571 3592 praesertim
2609 3505 2825 3569 mino-

575 3619 668 3682 ris
707 3620 1068 3700 momenti,
1103 3618 1197 3685 ita
1234 3626 1464 3684 tamen
1501 3626 1613 3700 ut,
1656 3619 1742 3685 ad
1782 3641 2089 3684 normam
2130 3641 2319 3684 conc.
2356 3618 2539 3684 Trid.
2574 3619 2832 3684 decreti

639 3862 658 3896 ²
692 3862 758 3908 V.
791 3878 861 3926 g.,
895 3862 1172 3923 Gatticus,
1207 3862 1306 3911 loc.
1337 3860 1449 3919 cit„
1481 3877 1528 3911 c.
1559 3876 1658 3921 xu,
1691 3877 1744 3924 p.
1776 3866 1866 3910 108
1892 3878 1972 3924 sq.

639 3943 662 3977 ²
697 3941 762 3989 V.
794 3956 865 4005 8.,
898 3940 1215 3999 Catonum,
1249 3938 1463 3989 Rituale
1494 3954 1806 3997 romanum,
1836 3942 1922 3989 tit.
1956 3956 2075 3999 viu,
2116 3956 2163 3989 c.
2192 3956 2340 3997 xxix,
2372 3940 2565 4003 princ„
2599 3954 2649 3987 n.
2684 3944 2736 3997 1,
2770 3944 2831 3997 8,

578 4018 806 4078 Patavii,
839 4025 980 4077 1760,
1015 4023 1053 4069 t.
1087 4036 1148 4078 11,
1176 4035 1228 4082 p.
1262 4023 1513 4077 100-102;
1539 4046 1596 4056 —
1620 4018 1841 4079 Devoti,
1874 4018 2009 4067 [nst.
2041 4032 2181 4075 can„
2214 4018 2308 4067 lib.
2353 4017 2421 4075 11,
2448 4018 2535 4068 tit.
2558 4032 2649 4075 vu,
2678 4032 2721 4065 s.
2750 4033 2829 4075 ιιι,

579 4098 850 4160 Gandavi,
883 4102 1030 4155 1836,
1065 4100 1105 4145 t.
1139 4113 1181 4157 1,
1210 4112 1262 4159 p.
1291 4102 1400 4145 633.

641 4177 663 4211 ²
694 4176 756 4225 In
783 4177 1057 4239 periodico
1087 4174 1355 4225 Monitore
1384 4174 1773 4232 ecclesiastico,
1802 4176 1841 4223 t.
1875 4190 1927 4233 ν,
1960 4178 2098 4237 part.
2132 4179 2176 4233 1,
2210 4190 2263 4238 p.
2296 4179 2372 4222 56.

571 4287 576 4299 .
639 4256 662 4288 ⁴
695 4254 922 4304 Decreta
950 4254 1123 4312 auth„
1151 4270 1203 4303 n.
1235 4256 1381 4312 4025,
1416 4256 1454 4302 t.
1484 4270 1564 4313 ιιι,
1594 4269 1647 4316 p.
1679 4259 1770 4302 363
1800 4253 1889 4317 (ad
1906 4254 2109 4303 calcem
2134 4254 2297 4317 hujus
2317 4252 2624 4309 voluminiS,
2658 4252 2837 4302 Docu-

579 4337 818 4385 mentum
846 4333 961 4397 IV).
