3192 5025
611 504 717 556 104
1509 504 1600 554 DE
1638 503 1971 554 ECCLESIIS

612 671 763 738 quae
803 649 1090 713 crimina
1129 656 1400 732 excepta
1439 647 1931 726 determinant,
1977 653 2171 729 sunt,
2206 654 2451 735 praeter
2486 671 2633 735 cap.
2670 647 2863 710 Inter

610 762 777 843 alia,
838 763 911 842 6;
975 783 1121 849 cap.
1183 761 1733 844 Immunitatem,
1800 762 1915 842 10,
1988 761 2091 826 ΒΕ
2154 781 2550 828 minumum
2614 781 2789 826 12:ch.
2842 779 2859 824 τ

614 875 676 940 1.
721 875 1032 962 Gregorii
1076 874 1235 940 XIV
1274 881 1492 941 const.
1539 875 1716 941 Cum
1753 875 1953 958 alias,
2006 875 2045 940 9
2086 875 2224 942 kal.
2262 876 2439 964 junii
2480 875 2725 954 1591¹;
2776 911 2863 924 —

612 989 679 1055 2.
721 989 1071 1056 Benedicti
1111 987 1271 1054 XIII
1311 996 1531 1055 const.
1569 989 1681 1052 Eae
1705 1012 1841 1075 quo
1866 990 2117 1072 divina,
2148 991 2187 1054 7
2230 989 2381 1054 idus
2409 989 2587 1077 junii
2615 988 2859 1068 1725²;

611 1102 775 1170 —3.
807 1102 1158 1170 Benedicti
1173 1102 1332 1167 XIV
1351 1111 1573 1169 const.
1606 1101 1836 1188 Officii
1861 1103 2099 1186 nostri,
2119 1101 2345 1166 idibus
2373 1103 2597 1168 martii
2625 1101 2799 1168 1750
2814 1101 2861 1182 ³,

613 1240 796 1305 quae,
838 1216 910 1282 in
947 1239 1193 1304 magna
1239 1217 1344 1282 sui
1391 1223 1616 1305 parte,
1671 1217 2153 1304 interpretatur
2197 1223 2557 1304 utramque
2602 1215 2866 1280 bullam

611 1331 920 1417 Gregorii
958 1337 1028 1396 et
1058 1329 1408 1396 Benedicti
1432 1329 1592 1395 XIII
1615 1331 1658 1394 ⁸.
1698 1330 2107 1416 Allegantur
2143 1330 2421 1418 insuper
2459 1329 2869 1394 documenta

612 1444 962 1532 specialia,
1030 1466 1273 1532 nempe
1330 1443 1413 1508 de
1475 1443 1727 1508 delicto
1790 1442 2065 1530 speciali
2126 1443 2429 1531 agentia,
2482 1467 2552 1508 v,
2616 1466 2715 1528 g.,
2782 1442 2867 1507 de

613 1559 882 1648 haeresi,
935 1557 1198 1638 duello,
1253 1564 1415 1634 etc.,
1467 1563 1544 1622 ut
1591 1556 1789 1622 infra.
1842 1595 1931 1606 -
1978 1556 2310 1644 Praecipui
2355 1563 2585 1622 autem
2640 1556 2871 1621 crimi-

613 1672 785 1751 nosi,
825 1672 942 1761 qui
980 1672 1336 1760 privantur
1365 1670 1518 1756 jure
1555 1671 1753 1756 asyli,
1796 1678 1958 1735 sunt
1997 1670 2065 1734 hi
2106 1670 2223 1758 qui
2261 1676 2681 1758 sequuntur:

705 1785 770 1848 1⁰
815 1785 1085 1850 Publici
1124 1785 1450 1868 latrones,
1502 1785 1905 1870 viarumque
1949 1791 2389 1868 qrassatores.
2438 1820 2531 1834 —
2578 1781 2872 1848 Constat

611 1899 728 1964 cit.
782 1899 1057 1965 constit.
1115 1897 1426 1984 Gregorii
1478 1897 1687 1964 XIV:
1736 1925 1769 1958 «
1818 1897 1913 1964 Ut
1960 1897 2151 1963 laicis
2194 1897 2278 1962 ad
2318 1897 2639 1962 ecclesias
2686 1897 2870 1962 loca-

614 2035 745 2100 que
797 2035 986 2077 sacra
1038 2019 1108 2077 et
1157 2012 1474 2098 religiosa
1521 2011 1843 2100 praedicta
1896 2011 2477 2098 confugientibuS,
2520 2011 2579 2075 si
2615 2010 2872 2077 fuerint

606 2126 870 2210 publici
929 2126 1222 2191 latrones
1278 2126 1680 2212 viarumque
1743 2135 2191 2211 qrassatores,
2253 2125 2371 2213 qui
2430 2125 2671 2190 itinera
2733 2123 2873 2191 fre-

616 2245 940 2328 quentata
1006 2237 1450 2327 publicasque
1529 2246 1781 2304 stratas
1854 2238 2203 2317 obsident,
2278 2261 2357 2303 ac
2430 2239 2721 2305 viatores
2788 2261 2875 2305 ex

616 2352 880 2418 insidiis
931 2352 1452 2440 aggrediuntur,
1507 2389 1592 2401 —
1648 2360 1767 2418 aut
1813 2351 2338 2442 depopulatores
2389 2375 2737 2439 agrorum,
2784 2389 2876 2401 —
2955 2385 2963 2394 ·

616 2466 818 2555 quive
849 2466 1208 2533 homicidia
1246 2475 1315 2533 et
1353 2466 1818 2533 mutilationes
1848 2465 2306 2532 membrorum
2344 2466 2412 2531 in
2452 2466 2620 2556 ipsis
2658 2467 2875 2533 eccle-

613 2582 736 2647 siis
773 2605 1141 2670 earumque
1171 2581 1580 2647 eoemeteriis
1619 2581 2045 2647 committere
2076 2604 2212 2645 non
2242 2588 2585 2661 verentur,
2626 2620 2714 2629 —
2755 2588 2878 2647 aut

614 2698 732 2785 qui
770 2697 1136 2785 proditorie
1183 2697 1570 2785 proximum
1617 2719 1815 2761 suum
1864 2696 2268 2777 occiderint,
2310 2734 2399 2744 --—
2435 2703 2553 2760 aut
2590 2696 2876 2761 assassi-

615 2812 747 2892 nii,
809 2811 922 2876 vel
978 2810 1286 2893 haeresiS‚
1338 2818 1455 2877 aut
1515 2809 1695 2875 laesae
1755 2809 2135 2898 majestatis
2193 2810 2261 2873 in
2312 2832 2603 2898 persona
2657 2810 2877 2898 ipsius

615 2924 936 3012 principis
994 2924 1122 3006 rei,
1173 2924 1571 2989 immunitas
1633 2924 2090 2989 ecclesiastica
2151 2946 2289 2988 non
2346 2924 2777 3010 suffragetur.
2838 2951 2873 2985 »

617 3038 904 3103 Constat
961 3038 1167 3103 etiam
1230 3039 1347 3104 cit.
1401 3062 1547 3127 cap.
1606 3039 1799 3101 Inter
1861 3038 2019 3103 alia.
2069 3074 2157 3087 --
2203 3037 2413 3102 Juxta
2472 3038 2590 3103 cit.
2644 3043 2871 3102 const.

619 3152 870 3217 Bened.
915 3150 1111 3232 XIII,
1153 3150 1409 3218 sufficit
1453 3174 1588 3217 una
1626 3154 1994 3235 qrassatio,
2038 3152 2097 3216 si
2146 3174 2328 3215 mors
2376 3158 2494 3216 aut
2532 3151 2877 3217 mutilatio

545 3308 555 3321 ·
617 3266 908 3353 grassati
947 3274 1179 3331 secuta
1218 3264 1442 3332 fuerit.

705 3380 775 3444 2⁰
793 3379 1324 3466 Depopulatorea
1346 3401 1679 3465 aqrorum
1691 3430 1713 3463 ,
1744 3379 1889 3444 sive
1923 3382 2238 3444 nocturni
2263 3379 2437 3468 (cap.
2463 3379 2656 3443 Inter
2678 3378 2873 3465 alia),

621 3494 764 3559 sive
812 3494 1017 3559 etiam
1064 3494 1331 3575 diurni,
1384 3517 1467 3559 ex
1517 3494 1633 3559 cit.
1686 3500 1907 3558 const.
1962 3492 2275 3581 Gregorii
2314 3492 2503 3573 XIV,
2548 3516 2696 3580 quae
2732 3514 2878 3558 non

621 3608 1002 3695 distinguit.

688 3768 705 3803 ¹
741 3768 888 3817 Bau.
921 3768 1089 3827 Rom„
1122 3773 1162 3819 t.
1196 3786 1248 3829 v,
1281 3772 1422 3831 part.
1457 3768 1496 3828 1,
1524 3784 1578 3831 p.
1612 3773 1719 3816 271.

685 3846 708 3881 ²
741 3846 903 3905 Ibid„
936 3850 974 3897 t.
1008 3862 1104 3906 xn,
1136 3863 1190 3910 p.
1225 3847 1265 3897 1.

685 3928 707 3961 ³
745 3926 886 3975 Bull.
919 3926 1137 3983 Bened.,
1172 3929 1211 3976 t.
1245 3942 1326 3983 ιιι,
1357 3940 1410 3974 n.
1443 3930 1520 3972 29.

683 4004 706 4039 ⁴
736 4004 1032 4055 Clementis
1071 4004 1170 4052 XII
1211 4004 1357 4053 bulla
1395 4004 1463 4053 In
1511 4016 1765 4066 supremo
1809 4000 2074 4067 justitian
2114 4006 2138 4050 1
2180 4000 2289 4050 feb.
2324 4006 2446 4051 1735
2494 4001 2669 4067 (Ball.
2700 4002 2880 4059 Rom„

623 4088 665 4134 t.
696 4098 805 4142 xw,
836 4098 889 4147 p.
924 4084 1035 4147 17),
1067 4098 1230 4146 quam
1261 4082 1424 4132 etiam
1449 4082 1843 4143 interpretatur
1875 4080 2023 4129 bulla
2046 4080 2139 4129 cit.
2167 4079 2447 4129 Benedicti
2478 4079 2623 4139 XIV,
2654 4081 2881 4143 respicit

623 4165 836 4211 tantum
861 4162 1122 4211 ditionem
1154 4161 1508 4223 temporalem
1531 4158 1745 4208 Sanctae
1766 4158 1949 4217 Sedis,
1975 4160 2031 4207 et
2058 4159 2321 4221 quasdam
2348 4158 2623 4221 regiones,
2644 4158 2713 4207 ad
2740 4173 2881 4221 quas

624 4240 882 4303 deinceps
906 4244 1128 4289 extensa
1153 4242 1254 4288 est.
1276 4239 1356 4288 Cf.
1379 4239 1471 4287 cit.
1500 4237 1703 4286 bullam
1734 4237 1933 4285 Bened.
1961 4236 2107 4295 XIV,
2128 4240 2180 4297 §g
2211 4242 2234 4285 1
2250 4272 2264 4295 ,
2286 4239 2341 4296 ⁴3
2369 4236 2499 4285 item
2527 4236 2724 4285 Bened.
2748 4236 2883 4284 xlv

627 4321 802 4367 const.
830 4318 985 4367 Alias
1012 4316 1218 4379 felicis,
1251 4321 1308 4367 2⁴
1334 4318 1447 4380 jan.
1476 4319 1626 4374 1744,
1658 4317 1713 4363 in
1745 4316 1889 4365 Bull.
1926 4314 2142 4373 Bened.,
2178 4319 2217 4364 t.
2250 4330 2292 4373 1,
2324 4330 2377 4363 n.
2408 4318 2488 4364 88.
