3192 5025
1343 1168 1774 1251 CAPUT
1846 1168 1923 1248 V

738 1572 831 1625 DE
888 1570 1455 1625 EXSECRATIONE
1511 1569 2075 1646 ECCLESIARUM,
2140 1571 2229 1625 ET
2287 1572 2517 1626 DUBIA

1315 1693 1941 1748 CONSECRATIONE

601 2194 734 2261 25.
789 2229 875 2239 —
927 2192 1187 2260 NotiO.
1226 2230 1317 2241 ——
1367 2192 1799 2276 Exsecratio,
1844 2215 1927 2258 ex
1984 2192 2054 2255 vi
2104 2190 2423 2256 vocabuli
2470 2188 2543 2257 'et
2580 2215 2769 2257 com-

511 2306 700 2371 muni
761 2304 1184 2387 definitione,
1238 2312 1342 2371 est
1393 2305 1503 2370 hic
1555 2307 1825 2371 amissio
1872 2305 2227 2392 qualitatis
2279 2305 2406 2406 lotci
2440 2308 2651 2391 sacri,
2698 2313 2772 2372 et

509 2420 814 2511 proinde,
860 2443 978 2507 pro
1018 2418 1300 2483 ecclesia
1352 2427 1780 2501 consecrata,
1838 2426 1943 2484 est
1998 2420 2269 2484 amissio
2320 2421 2771 2485 consecratio-

511 2537 647 2619 nis,
703 2542 809 2616 et,
870 2557 990 2622 pro
1039 2534 1322 2599 ecclesia
1373 2532 1757 2614 benedicta,
1803 2541 1909 2600 est
1945 2533 2215 2598 amissio
2254 2533 2763 2599 benedictionis.
2801 2588 2809 2596 .

510 2649 703 2716 Unde
741 2647 1035 2714 multum
1075 2647 1302 2713 differt
1340 2654 1487 2713 tum
1526 2671 1564 2712 a
1592 2647 1976 2732 pollutione
2005 2648 2310 2732 ecclesiae,
2357 2670 2514 2735 qua,
2549 2649 2772 2714 eecle-

508 2763 608 2827 sia
641 2767 1033 2826 remanente
1073 2783 1287 2842 sacra,
1329 2760 1627 2825 violatur
1666 2761 1813 2847 ejus
1852 2762 2204 2842 sanctitas,
2247 2767 2395 2827 tum
2434 2761 2521 2826 ab
2560 2764 2772 2827 inter-

510 2878 711 2960 dicte,
756 2898 888 2963 quo
927 2873 1324 2961 prohibetur
1358 2896 1444 2939 ne
1485 2897 1675 2939 sacra
1723 2876 1892 2940 fiant
1938 2875 2008 2939 in
2058 2874 2365 2941 ecclesia.
2408 2914 2498 2924 —
2536 2875 2773 2954 Quum

511 2996 761 3069 autem,
795 2995 872 3052 ut
908 2986 1165 3052 dietum
1205 2995 1333 3068 est,
1357 2986 1512 3075 jura
1541 2985 1832 3074 jubeant
1868 2988 2192 3053 ecclesias
2228 2989 2609 3053 consecrari
2646 2996 2773 3054 aut

511 3102 756 3167 saltem
794 3100 1134 3182 benedici,
1180 3099 1462 3166 ecclesia
1501 3101 1713 3165 semel
1754 3109 2137 3184 exsecrata,
2182 3101 2551 3189 requiritur
2588 3124 2769 3166 nova

509 3215 868 3281 dedicati0.

605 3419 738 3488 26.
775 3457 866 3469 -—
915 3419 1266 3487 Amissio
1315 3419 1963 3487 consecrationis,
2013 3458 2101 3467 —
2154 3421 2452 3485 Ecclesia
2509 3421 2772 3485 amittit

510 3557 707 3600 suam
743 3534 1346 3618 consecrationem,
1389 3534 1448 3598 .ςί
1489 3541 1628 3598 tota
1668 3535 1770 3598 vel
1806 3557 1888 3597 ex
1928 3534 2181 3621 majori
2208 3543 2413 3619 parte
2440 3543 2770 3619 corruat,·

515 3670 647 3713 non
685 3670 838 3712 vero
873 3648 931 3712 .ςί
969 3670 1052 3711 eoe
1092 3647 1340 3711 minori
1380 3655 1651 3712 tantum
1678 3656 1880 3731 parte
1918 3657 2219 3717 corruat.

603 3760 937 3826 Probatur
988 3759 1169 3849 prior
1215 3783 1374 3847 pars
1423 3784 1571 3850 cap.
1616 3761 1921 3845 LiqneiS,
1976 3761 2055 3843 6,
2102 3763 2203 3827 DE
2251 3783 2767 3831 coNsEcnnloNE

511 3896 813 3942 Bccmsm
855 3893 870 3940 :
919 3901 951 3936 «
993 3875 1270 3960 Liqneis
1320 3876 1616 3960 &edificiis
1654 3874 1935 3939 ecclesiae
1979 3884 2210 3940 vestrae
2258 3899 2413 3942 casu
2454 3899 2772 3943 consum-

505 3991 678 4077 ptis,
721 3990 1105 4076 parietibus
1156 3998 1379 4053 tamen
1420 3988 1765 4072 illaesis,...
1810 3989 2304 4077 respondemus
2352 3991 2573 4079 quod,
2608 4015 2769 4057 cum

506 4106 799 4192 parietes
843 4105 912 4170 in
959 4126 1083 4168 sua
1137 4103 1525 4189 inteqritate
1563 4104 2101 4188 permanserint,
2146 4103 2233 4168 ob
2281 4127 2558 4172 causam
2597 4130 2771 4195 prae-

514 4219 764 4284 dictam
811 4240 938 4282 nec
985 4215 1350 4281 eeclesia...
1405 4214 1608 4280 debet
1654 4215 1877 4280 denuo
1926 4219 2329 4284 consecrari.
2380 4247 2411 4281 »
2458 4221 2661 4309 Ergo,
2708 4222 2769 4286 si
