3192 5025
1031 450 1120 501 DE
1157 449 1514 501 ORATORIIS
1555 450 1851 503 Punmcls
2458 453 2561 506 127

301 593 550 680 lacqua
616 594 1146 660 construendam
1207 594 1278 658 in
1337 592 1503 658 villa
1565 601 1957 681 nuncupata
2021 595 2435 678 Tusculana,
2502 597 2563 661 si

299 713 743 773 construatur
799 709 870 774 in
920 707 1059 773 loco
1100 709 1191 772 ad
1230 731 1435 795 quem
1487 709 1804 773 omnihus
1844 717 2078 794 pateat
2122 710 2383 794 aditus,
2433 734 2561 779 nec

299 821 551 887 habeat
605 822 866 887 aditum
918 822 1032 886 vel
1095 829 1532 910 prospectum
1576 821 1801 888 ullum
1856 823 1925 888 in
1981 823 2285 911 privatas
2338 825 2555 908 aedeS,

295 936 663 1024 dictusque
723 934 1235 1002 Illustrissimus
1291 936 1574 1021 publico
1632 937 2082 1003 instrumento
2136 960 2203 1003 se
2270 939 2555 1026 ohliqet,

293 1051 638 1134 semitam,
671 1072 811 1136 qua
847 1051 990 1115 itur
1019 1050 1110 1114 ad
1144 1050 1473 1135 capellam
1488 1050 1913 1137 praedictam,
1950 1051 2352 1139 cuicumque
2392 1054 2559 1119 lihe-

298 1187 456 1230 ram
519 1166 588 1229 in
633 1173 1047 1250 perpetuum
1109 1187 1374 1228 servare
1430 1173 1636 1251 atque
1696 1165 1883 1229 illius
1937 1166 2237 1232 dominio
2290 1175 2356 1232 et
2397 1170 2559 1254 juri

297 1279 680 1362 renuntiet,
725 1277 946 1344 edicto
983 1279 1066 1342 de
1099 1278 1384 1366 privatis
1421 1278 1737 1344 oratoriis
1776 1279 1902 1343 hac
1944 1278 2027 1344 de
2076 1302 2147 1346 re
2194 1280 2377 1347 edito
2418 1305 2559 1347 non

293 1393 822 1482 comprehendi,
879 1391 1106 1480 ibique
1171 1391 1253 1457 de
1312 1392 1585 1457 licentia
1648 1391 1989 1458 Ordinarii
2044 1416 2245 1481 posse
2310 1396 2559 1461 missas

293 1507 629 1573 celebrari
649 1511 692 1572 ¹.
736 1533 768 1568 »

386 1623 459 1687 h.
505 1621 763 1687 Eadem
800 1620 872 1686 S.
918 1620 1192 1708 Congu,
1236 1622 1307 1684 in
1357 1619 1754 1704 Ver-cellen„
1801 1623 1839 1687 3
1879 1643 2037 1708 aug.
2086 1621 2292 1705 1685,
2336 1630 2557 1690 orato-

293 1734 479 1800 rium
538 1733 762 1800 Castri
815 1733 1230 1821 CatellengI‚
1291 1733 1511 1821 quod,
1566 1732 1729 1799 licet
1789 1734 1964 1799 intra
2022 1736 2273 1801 moenia
2335 1737 2560 1804 Castri

293 1849 538 1930 situm,
571 1855 874 1913 attamen
914 1846 998 1913 ab
1038 1846 1560 1912 immemorabili
1587 1853 1893 1936 tempore
1922 1848 2201 1935 patebat
2239 1850 2556 1918 omnibus

291 1961 640 2045 fidelibus,
683 1963 802 2051 qui
840 1962 1002 2027 illuc
1039 1962 1248 2026 libere
1286 1961 1784 2027 concurrebant
1820 1962 1908 2026 ad
1943 1963 2352 2030 audiendam
2390 1965 2557 2032 mis-

291 2099 482 2159 sam,
526 2077 898 2142 declaravit
927 2077 1288 2162 publicum
1305 2077 1349 2141 ³.

386 2214 446 2256 c.
479 2190 734 2256 Eadem
760 2190 832 2256 S.
859 2189 1141 2277 Congr.,
1171 2191 1241 2254 in
1260 2188 1622 2273 Savonen.,
1653 2189 1738 2256 28
1755 2189 1932 2277 junii
1959 2198 2029 2256 et
2058 2190 2138 2258 19
2166 2214 2321 2280 aug.
2354 2191 2551 2276 1724,

289 2304 704 2384 oratorium,
749 2304 835 2370 ad
872 2303 1056 2391 quod
1093 2303 1328 2369 fideles
1365 2325 1503 2368 non
1543 2309 1861 2391 poterant
1907 2305 2227 2370 accedere
2266 2307 2400 2370 nisi
2436 2329 2558 2394 per

287 2441 530 2484 aream
581 2419 982 2506 quamdam,
1043 2417 1127 2482 de
1185 2417 1380 2505 cujus
1431 2417 1697 2504 privato
1760 2417 1873 2482 vel
1928 2417 2201 2506 publico
2254 2418 2554 2486 dominio

287 2532 953 2613 controvertebatur,
995 2532 1368 2597 declaravit
1403 2532 1767 2617 publicum
1814 2560 1846 2593 «
1894 2533 2069 2598 facta
2117 2557 2237 2622 per
2282 2544 2555 2601 senato-

286 2669 440 2713 rem
488 2646 908 2735 imperialem
946 2646 1102 2735 (qui
1150 2644 1504 2711 dicebatur
1549 2668 1720 2711 areoe
1769 2645 2121 2735 dominus)
2162 2648 2233 2711 in
2281 2647 2553 2735 publico

285 2762 755 2825 instrumento
786 2759 1241 2826 declaratione
1279 2782 1350 2824 se
1389 2759 1659 2824 nullum
1688 2760 1804 2849 jus
1836 2759 2081 2825 habere
2118 2761 2190 2825 in
2228 2783 2385 2827 area
2424 2763 2553 2829 sita

286 2882 456 2940 ante
513 2874 905 2954 ecclesiam,
963 2896 1228 2938 necnon
1283 2872 1467 2961 quod
1512 2873 1738 2939 claves
1798 2880 1940 2939 tam
1990 2873 2291 2939 ecclesiae
2347 2898 2553 2964 quam

289 3012 470 3054 areae
521 2989 862 3078 proedictae
915 2986 1338 3052 retineantur
1388 3010 1424 3052 a
1476 2987 1831 3076 capellano
1878 3015 1910 3049 n
1933 2989 1977 3053 ³.
2040 3027 2130 3037 —
2182 2989 2288 3056 Cf.
2345 2991 2553 3057 etiam

287 3103 606 3191 ejusdem
654 3101 907 3189 Congr.
961 3100 1446 3167 resolutionem
1503 3102 1573 3165 in
1632 3102 1963 3185 Nih-iem,
2020 3101 2101 3166 12
2149 3101 2284 3169 feb.
2340 3105 2546 3187 1735,

287 3218 362 3282 in
432 3216 628 3304 cujus
680 3239 900 3281 causae
954 3214 1378 3281 discussione
1440 3214 1658 3281 multa
1713 3215 2119 3282 documenta
2181 3216 2251 3280 in
2312 3218 2551 3283 eodem

285 3354 502 3397 sensu
541 3330 750 3396 allata
787 3336 950 3395 sunt
962 3331 1008 3395 ⁴.

383 3446 453 3511 d.
499 3445 587 3510 Et
631 3444 870 3509 eadem
917 3450 1024 3508 est
1059 3442 1594 3532 jurisprudentia
1644 3441 1713 3508 S.
1760 3442 2011 3529 Congr.
2058 3444 2184 3531 Ep.
2227 3451 2297 3509 et
2343 3444 2544 3531 Reg.,

283 3566 372 3625 ut
417 3565 607 3647 patet
655 3580 741 3623 ex
789 3557 1039 3623 celebri
1088 3580 1292 3622 causa
1352 3557 1780 3642 Placentina,
1841 3557 1921 3622 14
1984 3580 2143 3622 nov.
2202 3558 2406 3639 1626,
2478 3558 2547 3623 in

283 3694 430 3761 qua
503 3671 880 3737 declaravit
955 3672 1325 3737 oratorium
1389 3670 1733 3759 quoddam
1817 3693 1966 3736 esse
2038 3669 2422 3759 publicum,
2489 3674 2549 3737 si

353 3868 372 3902 ¹
415 3868 567 3916 Hanc
605 3866 996 3917 resolutionem
1026 3881 1093 3915 ex
1132 3865 1274 3915 libro
1296 3864 1421 3913 XIII
1448 3866 1659 3914 Dect-et.
1686 3864 1738 3913 S.
1768 3866 1825 3914 C.
1855 3865 1915 3914 C.
1940 3864 2105 3915 refert
2131 3866 2408 3925 Gemens,
2443 3866 2542 3916 loc.

282 3948 842 4083 elz.'}i)an¹(:2causam‚
872 4024 1001 4072 licet
1034 4024 1423 4085 antiquiorem,
1454 4023 1641 4072 videas
1680 4023 1733 4070 in
1771 4021 2047 4071 Thesauro
2080 4022 2132 4071 S.
2168 4024 2224 4072 C.
2264 4024 2343 4082 C.,
2382 4027 2423 4074 t.
2455 4040 2540 4083 ιιι,

283 4109 731 4233 p'fssmwrm
757 4180 808 4229 S.
843 4182 900 4230 C.
931 4181 1008 4238 C.,
1042 4185 1081 4230 t.
1114 4196 1194 4238 m,
1222 4194 1276 4241 p.
1309 4183 1394 4239 53,
1428 4184 1504 4227 72.

348 4264 376 4297 ⁴
407 4260 572 4319 thid„
606 4264 646 4309 t.
673 4274 776 4320 vn,
807 4274 859 4323 p.
889 4264 1066 4308 17-20.
