3192 5025
895 1037 2145 1163 DOCUMENTA

1116 1938 1831 2006 DOCUMENTUM
1891 1938 1917 2003 1

571 2124 639 2186 S.
683 2124 948 2185 Ritnum
983 2124 1512 2208 Conqreqatt'onis
1551 2122 1873 2185 decretum
1907 2124 2091 2185 Urbis
2130 2098 2192 2185 et
2232 2125 2447 2201 Orbis,
2512 2126 2515 2131 ’

461 2220 540 2282 de
583 2219 1014 2283 celebratione
1070 2220 1274 2281 missae
1327 2219 1394 2280 in
1453 2219 1718 2281 ecclesia
1774 2218 2015 2297 aliena,
2056 2223 2097 2281 9
2132 2221 2273 2303 julii
2334 2223 2484 2283 1895
2508 2222 2551 2283 ¹-.

456 2472 640 2542 Quod
679 2471 1062 2533 Benedictus
1107 2472 1252 2532 XIV
1297 2472 1526 2532 diserte
1573 2472 1758 2532 docet
1805 2471 1961 2553 (Op.
2013 2472 2091 2532 de
2142 2472 2317 2532 Beat.
2370 2480 2433 2534 ot
2478 2473 2629 2536 Can.

373 2569 485 2630 lib.
531 2570 641 2644 lv,
675 2577 836 2650 part.
874 2569 964 2642 ΙΙ,
1008 2590 1062 2630 c.
1107 2590 1176 2642 11,
1220 2591 1284 2628 n.
1317 2569 1420 2647 5),
1454 2569 1672 2629 missas
1710 2587 1933 2649 nempe
1972 2568 2034 2627 in
2074 2568 2375 2629 honorem
2414 2571 2635 2630 Beato-

373 2687 515 2726 rum
565 2665 666 2725 vel
716 2665 902 2726 etiam
952 2665 1326 2725 Sanctorum
1376 2663 1693 2724 nonnullis
1738 2663 2079 2725 Ordinibus
2124 2665 2513 2744 regularibus
2558 2687 2634 2726 ex

375 2762 624 2822 indulto
653 2781 1008 2836 concessaS‚
1034 2761 1112 2822 ab
1141 2761 1276 2822 aliis
1307 2760 1689 2841 presbyteris
1714 2761 1845 2821 sive
1875 2759 2275 2820 saecularibus
2300 2761 2430 2822 sive
2455 2783 2634 2842 regu-

371 2857 611 2920 laribus
640 2856 943 2918 celebrari
973 2877 1100 2916 non
1130 2877 1342 2937 posse,
1373 2857 1705 2916 Sacrorum
1737 2855 1997 2916 Rituum
2030 2856 2449 2938 Congregatio
2472 2858 2634 2940 jam-

373 2955 618 3036 pridem
657 2952 1116 3028 declaraverat,
1150 2973 1222 3012 ac
1261 2959 1478 3033 postea
1504 2951 1978 3033 quampluribus
2018 2953 2500 3034 particularibus
2534 2955 2631 3014 vel

370 3049 772 3132 generalibus
803 3048 1069 3109 decretis
1100 3048 1359 3109 retinuit
1387 3049 1927 3130 confirmavitque.

452 3147 615 3207 Cum
677 3145 1114 3220 nihilominuS‚
1179 3144 1398 3205 eodem
1467 3145 1808 3205 Benedicto
1886 3145 2153 3220 fatente,
2214 3146 2625 3227 incongruum

373 3243 696 3303 videretur
725 3249 797 3302 ut
835 3241 1030 3302 exteri
1069 3241 1426 3301 sacerdotes
1463 3242 1541 3302 ad
1583 3241 1989 3322 Regularium
2030 3240 2351 3316 ecclesiam,
2385 3243 2484 3303 die
2514 3265 2629 3324 pro

372 3341 535 3400 sesto
567 3344 824 3413 statuta,
851 3338 1236 3398 confluentes
1265 3337 1448 3398 aliam
1473 3337 1859 3400 celebrarent
1890 3338 2140 3398 missam
2172 3338 2249 3398 ab
2278 3337 2382 3400 illa
2410 3338 2625 3399 iisdem

370 3434 792 3516 Regularibus
841 3452 1176 3509 concessa3
1222 3433 1370 3494 hinc
1423 3434 1657 3495 factum
1702 3441 1825 3510 est,
1873 3442 1945 3495 ut
1982 3434 2206 3494 summi
2257 3434 2622 3511 PontificeS,

369 3533 433 3591 in
472 3532 612 3612 ipso
658 3529 1134 3592 beatificationis
1179 3528 1384 3604 brevi,
1429 3529 1740 3591 indultum
1774 3551 1889 3611 pro
1929 3530 2345 3610 Regularibus
2375 3531 2622 3607 datum,

367 3627 448 3689 ad
476 3631 695 3689 omn'es
725 3633 789 3686 et
817 3625 1098 3706 singulos
1137 3627 1488 3688 sacerdotes
1528 3627 1588 3686 in
1632 3627 1906 3708 praefatis
1937 3626 2211 3688 ecclesiis
2240 3628 2625 3689 celebrantes

367 3724 804 3785 extenderent.

450 3821 522 3880 Id
553 3827 765 3881 autem
795 3840 1128 3900 progressu
1163 3820 1460 3899 temporis
1499 3820 1843 3880 consultius
1874 3841 1945 3882 ac
1984 3841 2175 3902 prope
2208 3821 2621 3882 necessarium

359 3916 716 3999 judicatum
746 3923 874 3990 est,
907 3937 1049 3976 cum
1081 3935 1262 3976 novae
1301 3916 1635 3998 pluresque
1674 3917 1875 3976 missae
1916 3916 2133 3976 iisdem
2172 3917 2618 3998 Regularibus‚

365 4035 474 4074 seu
512 4013 699 4074 etiam
731 4011 1057 4093 permultis
1085 4011 1565 4093 particularibus
1596 3995 1873 4074 ecclesiis
1903 4034 2045 4074 cum
2081 4015 2449 4075 Sanctorum
2488 4022 2619 4075 tum

365 4111 706 4171 Beatorum
763 4107 1024 4169 indultae
1081 4109 1236 4183 sint;
1287 4129 1364 4169 ne
1411 4109 1705 4171 videlicet
1756 4109 1897 4171 latae
1956 4131 2145 4191 super
2197 4110 2615 4172 celebratione

430 4264 448 4299 ¹
483 4263 711 4313 Decreta
735 4261 910 4320 anth„
941 4277 994 4312 n.
1027 4265 1168 4323 3862,
1201 4264 1240 4312 t.
1277 4277 1360 4323 m,
1392 4278 1446 4325 p.
1479 4267 1588 4313 288.
