3192 5025
649 466 753 521 354
1218 467 1306 516 DE
1341 464 1775 517 ommni-:nus
1812 464 1897 515 ΕΤ
1932 464 2337 515 SEPUL‘rums

647 613 864 679 vitare
901 610 1198 699 aliquem
1237 609 1503 675 ratione
1551 608 1856 695 cujusvis
1901 629 2203 673 censurae
2220 661 2237 689 ,
2298 634 2331 667 «
2374 607 2507 671 nisi
2562 610 2906 673 sententia

648 725 758 794 vel
789 748 1078 791 censura
1097 722 1488 811 hujusmodi
1516 722 1799 789 fuerit...
1828 721 2117 808 ajudice
2138 722 2491 807 publicata
2512 722 2619 786 vel
2648 722 2907 787 denun-

649 842 814 907 tiata
855 838 1238 925 specialiter
1271 846 1336 903 et
1371 859 1681 923 expresse
1698 840 1743 901 ¹.
1786 864 1817 899 »
1858 836 2063 924 Ergo,
2106 835 2321 901 donec
2358 837 2906 901 excommunica-

645 955 740 1021 tio
789 952 1022 1034 fuerit,
1073 974 1198 1041 per
1241 950 1653 1017 sententiam
1704 949 2067 1037 juridicam
2084 1002 2101 1031 ,
2150 973 2289 1015 non
2352 958 2627 1016 tantum
2684 951 2907 1016 decla·

644 1073 824 1149 rata,
875 1066 998 1131 sed
1049 1066 1256 1133 etiam
1303 1066 1732 1149 denuntiata,
1776 1064 1845 1129 id
1884 1072 2020 1146 est,
2063 1064 2337 1151 publice
2375 1066 2733 1150 proposita
2784 1066 2909 1146 (ad

643 1182 924 1247 modum
951 1180 1248 1267 legum),
1281 1202 1422 1245 non
1446 1186 1759 1245 tenemur
1795 1179 2007 1244 vitare
2046 1180 2732 1260 excommunicatum,
2778 1202 2907 1243 nec

640 1296 710 1361 in
760 1296 936 1378 vita,
980 1316 1108 1360 nec
1145 1295 1372 1383 (juxta
1418 1292 1637 1382 ipsam
1674 1292 1981 1391 regulam
2026 1293 2099 1358 in
2136 1293 2251 1358 cit.
2294 1316 2443 1381 cap.
2484 1294 2719 1358 Sacris
2758 1316 2907 1359 me-

639 1416 1010 1495 moratam)
1061 1409 1134 1475 in
1189 1414 1428 1473 morte.
1493 1408 1674 1494 Ergo
1732 1406 1894 1472 solis
1948 1407 2365 1473 denuntiatis
2420 1430 2541 1474 seu
2606 1409 2907 1473 vitandis

639 1524 958 1591 illicitum
987 1528 1092 1589 est
1117 1522 1278 1589 dare
1307 1520 1729 1611 sepulturam
1758 1520 2285 1587 ecclesiasticam
2301 1524 2349 1588 ¹.
2382 1560 2472 1571 —
2494 1523 2639 1587 Nec
2668 1521 2903 1589 obstat

636 1639 906 1704 Rituale
949 1659 1344 1721 romanum,
1391 1637 1514 1702 loc.
1559 1637 1705 1720 cit„
1740 1636 1897 1725 quia
1932 1658 2071 1701 non
2108 1638 2546 1724 praesumitur
2570 1636 2901 1725 derogare

635 1751 842 1819 bullae
874 1751 1334 1833 Martinianae,
1369 1749 1454 1815 de
1491 1772 1627 1839 qua
1666 1749 1859 1831 silet;
1902 1750 2085 1815 unde
2112 1750 2473 1815 dicendum
2520 1757 2627 1815 est
2656 1752 2903 1837 publi-

634 1889 743 1932 cos
797 1865 1444 1949 excommunicatos,
1515 1863 1600 1931 de
1662 1862 1909 1953 quibus
1964 1865 2137 1951 agit,
2196 1864 2681 1951 intelligendos
2746 1888 2901 1931 esse

625 1980 972 2065 publicos,
1035 1981 1200 2067 quia
1238 1980 1660 2065 publicatos,
1704 2001 1950 2068 nempe
1996 1978 2469 2059 denuntiatos;
2506 1980 2663 2067 jura
2712 1982 2897 2045 enim

631 2117 789 2158 cum
821 2092 1090 2180 juribus
1130 2092 1538 2158 concordare
1577 2091 1855 2159 debent.

716 2208 787 2271 b.
869 2205 1156 2293 Insuper
1229 2206 1578 2295 sepultura
1662 2207 2233 2273 excommunicati
2306 2207 2572 2273 vitandi
2635 2208 2897 2293 polluit

633 2320 1134 2401 coemeterium,
1174 2327 1252 2385 ut
1291 2320 1548 2385 dictum
1587 2326 1693 2385 est
1730 2343 1937 2409 supra
1976 2323 2075 2409 (n.
2118 2323 2255 2407 31,
2300 2325 2397 2401 1⁶;
2447 2322 2666 2410 147).

721 2459 776 2501 c.
823 2433 895 2500 Si
951 2434 1022 2498 hi
1078 2434 1647 2499 excommunicati
1710 2434 1957 2499 saltem
2014 2436 2084 2499 in
2144 2437 2279 2500 fine
2342 2436 2535 2519 vitae,
2580 2436 2899 2502 Ecclesia

633 2549 1046 2617 reconciliati
1092 2550 1391 2635 suerint,
1440 2549 1557 2637 jus
1614 2548 1872 2616 habent
1927 2550 2013 2615 ad
2068 2550 2607 2617 ecclesiasticam
2664 2552 2897 2641 sepul-

631 2664 1286 2730 turam.—-Constat
1323 2662 1437 2728 cit.
1474 2685 1623 2750 cap.
1656 2662 1909 2746 Sacris,
1941 2670 2009 2729 et
2038 2687 2263 2729 rerum
2302 2665 2895 2746 natum—Quod

629 2777 693 2842 si
747 2800 885 2842 non
948 2776 1198 2842 fuerint
1259 2776 1579 2842 Ecclesiae
1635 2775 2085 2858 reconciliati,
2156 2778 2276 2843 sed
2335 2787 2519 2845 certa
2580 2780 2897 2846 dederint

627 2890 1046 2979 poenitentiae
1087 2891 1306 2978 signa,
1347 2915 1417 2957 v.
1461 2913 1562 2977 g.,
1605 2892 1913 2957 vocando
1952 2892 2477 2975 confessarium,
2520 2895 2895 2962 osculando

633 3003 1028 3069 crucifixum
1045 3055 1060 3085 ,
1113 3009 1182 3069 et
1227 3004 1360 3069 alia
1409 3003 1478 3070 id
1535 3027 1785 3092 genuS,
1838 3028 1963 3071 nec
2020 3029 2143 3093 per
2196 3030 2315 3073 eos
2372 3010 2679 3091 steterit,
2734 3010 2893 3098 quin

631 3116 1172 3199 reconcilientur,
1208 3126 1394 3198 tunc,
1415 3117 1504 3184 ad
1531 3141 1843 3183 normam
1882 3143 2029 3208 cap.
2064 3121 2127 3185 A
2164 3121 2407 3207 Nobis,
2430 3123 2543 3204 28,
2576 3123 2683 3188 Da
2712 3145 2889 3190 sm.

630 3251 950 3312 Excoiffl„
994 3230 1440 3296 absolvantur
1481 3230 1567 3296 ab
1616 3234 2353 3319 excommunicatione,
2394 3237 2559 3302 licet
2604 3239 2889 3320 mortui,

631 3347 993 3434 impetrata
1032 3343 1350 3412 facultate
1397 3345 1803 3412 absolvendi
1840 3347 1927 3413 ab
1972 3372 2055 3414 eo
2092 3373 2135 3416 a
2170 3373 2307 3439 qua
2340 3351 2639 3439 petenda
2678 3352 2899 3420 fuerat

632 3459 716 3524 de
754 3458 940 3545 jure,
986 3465 1054 3523 et
1093 3460 1455 3545 sepulturae
1495 3460 1969 3526 ecclesiasticae
2008 3464 2399 3546 tradantur;
2452 3467 2631 3534 ritus
2666 3475 2898 3535 autem

633 3572 1000 3659 peragendi
1049 3572 1221 3636 hanc
1269 3571 1767 3640 absolutionem
1818 3576 2107 3643 traditur
2152 3579 2223 3644 in
2260 3580 2524 3645 Rituali
2572 3604 2893 3666 romano,

633 3686 738 3750 tit.
784 3707 876 3765 111,
919 3709 979 3751 c.
1025 3708 1117 3768 iv,
1162 3685 1288 3751 sub
1327 3686 1592 3753 rubrica
1630 3707 1643 3753 :
1687 3689 1885 3754 Ritus
1924 3693 2313 3760 absolvendi
2350 3699 2897 3763 excommunica-

635 3807 784 3866 tum
809 3801 970 3885 jam
1009 3808 1383 3866 mortuum.

697 4020 712 4052 ¹
749 4019 950 4078 Mami,
985 4019 1251 4079 Concilia,
1288 4025 1325 4071 ι.
1357 4035 1532 4082 xxvii,
1563 4022 1666 4070 col.
1694 4027 1836 4072 1192.

693 4097 718 4131 ¹
749 4097 1075 4160 Oppositum
1107 4101 1256 4148 tenet
1285 4098 1643 4150 Reiffenstucl
1672 4101 1755 4165 (in
1784 4103 1869 4153 tit.
1896 4103 1974 4154 De
2002 4106 2223 4169 sepult„
2252 4123 2306 4156 n.
2338 4109 2457 4172 85),
2486 4123 2688 4174 nempe
2714 4113 2891 4162 omni-

633 4174 738 4222 bus
774 4177 1254 4226 excommunicatis
1290 4177 1554 4239 publicis,
1591 4177 1719 4230 licet
1759 4195 1867 4230 non
1905 4182 2171 4243 vitandis,
2196 4185 2398 4238 debere
2432 4190 2619 4252 negari
2650 4193 2892 4255 sepultu-

631 4263 764 4299 ram.
